3192 4992
744 343 845 430 un*
887 368 1261 430 Auscflrm
1302 369 1682 431 rumonus
1725 371 2122 435 THEBANrs.
2432 361 2558 437 195

337 531 590 634 Opusc.
643 536 777 607 vola
830 533 933 606 Π.
984 559 1055 633 p.
1108 538 1270 611 64..
1342 533 1435 608 Ο.
1486 533 1824 608 Miillerus
1891 546 2105 610 autem
2168 538 2238 609 iu
2289 537 2606 618 Orcho-7
2662 597 2667 606 .

337 661 520 710 meno
569 662 640 734 p.
694 640 819 711 3⁷.
885 646 1213 734 tamquam
1281 660 1356 708 re
1407 638 1672 709 minime
1739 638 1934 710 dubia
1986 638 2235 736 Oedipi
2303 639 2556 712 facinus

335 741 413 810 ab
461 739 793 834 Aeschylo
861 739 942 810 ad
995 738 1275 811 Potnias
1340 747 1671 837 patratum
1724 748 1982 812 narrat.
2085 739 2559 815 Verumtamen

333 861 555 912 versus
606 841 724 912 isti
774 841 1010 914 vereor
1057 863 1141 911 ne
1191 861 1324 911 uon
1378 864 1465 911 ex
1517 838 1825 937 Oedipo,
1894 839 2050 933 sed,
2122 850 2199 913 ut
2248 840 2560 939 Spanhe-

329 942 494 1013 mius
560 941 869 1038 putabat,
945 966 1032 1013 ex
1101 939 1364 1014 Gla'uco
1426 938 1781 1014 Potniensi
1845 943 1980 1014 sint
2041 943 2260 1039 petiti.
2380 944 2560 1042 Tam

327 1052 553 1118 notum
620 1044 792 1114 enim
858 1043 1308 1139 communique
1374 1043 1547 1114 fama
1599 1042 2011 1115 decantatum
2078 1053 2220 1118 erat
2269 1046 2435 1116 illud
2486 1046 2559 1119 iu

324 1137 625 1216 Phocide
676 1145 965 1235 trivium,
1019 1145 1089 1215 in
1141 1165 1270 1241 quo
1305 1153 1562 1242 patrem
1592 1144 1950 1217 occidisset
1985 1143 2313 1242 Oedipus,
2365 1167 2559 1218 mon-

322 1253 701 1342 straturque
753 1246 950 1318 hodie
1004 1266 1287 1343 quoque,
1340 1254 1416 1317 ut
1463 1267 1596 1318 nou
1646 1243 1948 1318 videatur
1978 1248 2349 1343 Aeschylus
2401 1272 2560 1320 cae-

325 1341 473 1418 dem
526 1345 688 1418 Laii
737 1348 804 1419 in
859 1348 1198 1444 regionem
1248 1349 1448 1444 louge
1499 1347 1578 1418 ab
1630 1347 1763 1418 isto
1814 1348 1965 1420 loco
2010 1358 2327 1422 remotam
2359 1358 2555 1446 atque

325 1448 491 1520 adeo
544 1449 740 1545 plane
795 1451 1165 1546 oppositam
1215 1449 1573 1521 transferre
1625 1450 1964 1544 potuisse3
2014 1451 2276 1548 ipsique
2327 1473 2555 1522 versus

321 1549 441 1620 isti
506 1551 731 1650 potius
804 1551 946 1622 sine
1009 1550 1476 1647 impedimento
1547 1558 2001 1646 transgressos
2070 1575 2226 1624 csse
2293 1551 2558 1623 trivium

325 1673 471 1741 eos,
529 1675 801 1747 quorum
855 1651 937 1723 de
987 1652 1224 1724 itinere
1278 1671 1491 1723 sermo
1546 1659 1673 1742 est,
1731 1673 1921 1749 quam
1957 1673 2104 1724 cum
2140 1647 2362 1750 aliquo
2416 1654 2560 1725 via-

319 1760 474 1823 tore
526 1753 938 1825 conflictatos
989 1753 1386 1849 significant.
1504 1751 1927 1850 Quapropter
1978 1775 2174 1850 quum
2224 1779 2311 1826 ne
2358 1755 2561 1827 sch‘o-

320 1853 556 1925 liastes
624 1853 881 1950 quidem
948 1854 1028 1926 de
1082 1853 1348 1952 Oedipo
1417 1854 1768 1951 quidquam
1821 1855 2036 1946 dicat,
2107 1856 2223 1927 sed
2278 1856 2360 1927 de
2411 1857 2559 1929 sola

324 1961 623 2051 σχιστῆς
675 1953 859 2028 ὁδοῦ
891 1956 1335 2053 appellatione
1377 1956 1711 2052 loquatur,
1766 1957 1866 2029 sic
1908 1958 2130 2053 potius
2167 1959 2559 2050 existiman-

321 2055 474 2127 dum
526 2065 727 2153 puto,
782 2055 1159 2129 confudisse
1208 2057 1405 2128 istum
1459 2058 1785 2130 hominem
1840 2058 2265 2131 similitudine
2319 2055 2559 2131 verho-

317 2181 463 2229 rum
516 2158 864 2231 adductum
934 2157 1061 2231 dno
1129 2158 1389 2230 diversa
1454 2159 1677 2231 trivia.
1801 2157 1978 2249 Quid
2042 2160 2319 2256 impedit
2383 2162 2555 2232 enim
2695 2243 2703 2260 ,

229 2335 236 2344 l
321 2283 449 2356 quo
503 2260 717 2331 minus
769 2262 965 2332 etiam
1018 2259 1101 2330 ad
1150 2258 1429 2331 Potnias
1497 2259 1762 2356 aliquod
1832 2261 2095 2331 trivium
2146 2260 2351 2332 fuisse
2406 2287 2556 2332 cre-

320 2354 608 2433 damus?
705 2359 917 2431 Immo
971 2360 1365 2450 credendum
1415 2360 1481 2431 id
1537 2361 1668 2431 erit
1718 2384 1798 2430 eo
1851 2362 2087 2456 magis,
2142 2361 2316 2457 quod
2357 2371 2555 2458 poeta

317 2461 567 2534 diserte
632 2457 1093 2535 Ποτνιάδων
1156 2466 1387 2556 τριῶν
1447 2455 1832 2534 κελεύθων
1904 2459 2290 2555 συμβολὰς
2354 2464 2550 2554 dixit,

312 2563 737 2659 distinguens
803 2563 932 2634 hoc
996 2563 1257 2634 trivium
1312 2562 1393 2631 ab
1447 2564 1699 2652 altero,
1773 2561 1944 2658 quod
1997 2587 2127 2633 non
2179 2565 2393 2635 minus
2447 2565 2553 2640 di-

309 2665 562 2737 stincte
615 2665 694 2736 ab
746 2663 1072 2760 Euripide
1135 2665 1202 2736 in
1255 2661 1645 2736 Phoenissis
1717 2687 1786 2733 v·
1841 2666 1965 2736 37.
2034 2663 2549 2737 demonstratum

312 2775 416 2839 est
466 2766 579 2836 his
633 2767 885 2837 verbis:
951 2762 1075 2838 καὶ
1128 2759 1579 2848 ξυνάπτετον
1629 2758 1830 2837 πόδα
1880 2766 1953 2847 ἐς
2000 2762 2281 2838 ταύτὸν
2318 2767 2548 2863 ἄμφω

313 2864 670 2949 Φωκίδος
719 2872 1016 2961 σχιστῆς
1067 2863 1272 2940 ὀδοῦ.
1373 2861 1564 2938 Haec
1617 2866 1675 2937 si
1725 2874 1906 2938 recte
1943 2867 2367 2959 coniecimus,
2420 2870 2551 2940 iter

314 2969 813 3042 describebatur
880 2992 919 3039 a
969 2965 1231 3040 Potuiis
1299 2969 1867 3063 commigrantium
1935 2966 2017 3036 ad
2070 2966 2300 3038 Peliae
2353 2969 2546 3041 ludos

311 3067 652 3162 funebreS,
704 3070 776 3142 in
828 3069 1060 3166 quibus
1114 3069 1482 3164 discerptus
1536 3068 1616 3139 ab
1671 3069 1856 3164 equis
1888 3067 2026 3139 suis
2073 3076 2177 3139 est
2219 3066 2545 3142 Glaucus·

309 3172 417 3245 Ac
469 3172 699 3244 nescio
753 3195 836 3242 an
888 3172 1021 3242 tale
1091 3165 1244 3266 quid
1312 3171 1508 3241 etiam
1573 3167 1706 3265 ipsi
1760 3193 1986 3241 versus
2051 3170 2167 3240 isti
2217 3167 2544 3266 flagitent,

313 3273 552 3372 quibus
619 3298 812 3369 quum
867 3270 1102 3355 οὕτως
1114 3326 1140 3360 ,
1215 3265 1385 3366 quod
1454 3269 1850 3346 scholiastae
1921 3270 2319 3370 adscriptum
2375 3282 2543 3363 erat,

308 3374 713 3448 reddendum
783 3397 930 3446 esse
995 3382 1177 3446 recte
1245 3371 1497 3443 videret
1546 3370 2077 3463 Valckenarius,
2146 3382 2362 3445 tamen
2413 3396 2541 3445 uon

312 3476 603 3550 advertit
654 3476 937 3550 animum
987 3475 1067 3546 ad
1119 3481 1248 3569 τῆς
1298 3470 1507 3560 ὁδοῦ,
1560 3498 1726 3570 quae
1780 3474 1977 3546 verba
2030 3493 2251 3570 quum'
2278 3476 2540 3547 omuino

313 3577 786 3651 molestissima
849 3578 982 3650 sint
1052 3577 1249 3649 toties
1327 3576 1614 3671 repetita
1677 3576 1821 3647 viae
1895 3577 2538 3668 commemoratione,

313 3688 454 3752 tum
507 3682 700 3752 etiam
767 3687 1041 3776 propter
1105 3677 1454 3749 articulum
1519 3702 1558 3749 a
1629 3700 1928 3750 sermone
1978 3677 2245 3774 poetico
2297 3677 2542 3750 ahhor-

315 3789 489 3855 rent.
595 3780 817 3873 Quare
868 3781 967 3854 sic
1018 3779 1366 3875 scripsisse
1416 3778 1817 3875 Aeschylum
1871 3775 2299 3886 crediderim:

571 3930 806 4015 οὕτως
851 3933 1128 4027 ἐπῇμεν
1175 3938 1310 4032 γῆς
1356 3928 1603 4028 ὅρους,
1649 3924 2103 4027 τροχήλατον

569 4039 864 4129 σχιστῆς
909 4027 1269 4108 κελεύθου
1317 4028 1646 4129 τρίοδον,
1694 4032 1892 4107 ἔνθα
1942 4028 2326 4128 συμβολὰς

569 4142 802 4234 τριῶν
850 4130 1231 4211 zelavi-filant
1279 4128 1741 4209 Ποτνιάδων
1786 4130 2214 4230 ἠμείβομεν.

320 4284 460 4360 Sed
513 4288 598 4359 de
659 4288 762 4360 his
816 4289 1004 4360 satis·
1128 4285 1461 4358 Revertor
1510 4283 1609 4355 ad'
1647 4281 2002 4380 Oedipum.
2119 4283 2203 4368 In
2257 4299 2383 4378 qua
2432 4281 2538 4352 fa·-

319 4389 471 4461 bula
522 4390 605 4482 si,
670 4398 746 4461 ut
796 4390 1172 4485 opinamur,
1236 4409 1450 4486 poena
1513 4386 1714 4484 impio
1763 4385 2085 4459 sactorum
2136 4391 2538 4479 consequuta

1684 4501 1690 4518 ’
2014 4502 2073 4565 Ν
2094 4502 2137 4565 2
