3192 4992
588 338 727 410 ⁸⁴
800 398 807 405 .
1199 340 1303 406 DE
1343 341 1721 404 Ausum
1751 335 2212 409 'ruffum

758 568 769 597 ἱ
898 505 1257 584 δέσποινα
1300 501 1759 604 πεντήκοντα
1805 500 2190 603 Νηρῄδων
2229 509 2494 603 χοροῦ.

596 661 859 755 Χοροῦ
905 656 1398 733 Valckenarius
1448 684 1571 758 pro
1626 658 1895 752 vulgato
1940 654 2177 753 χορὸν
2226 654 2310 728 ad
2342 655 2652 728 Ammon.
2683 653 2827 729 III.

604 759 1553 859 l-p.164.1ntenigimus
1605 786 1692 832 ex
1741 760 1846 833 his
1897 784 2092 831 unam
2143 783 2230 831 ex
2279 756 2542 829 fabulae
2592 782 2830 854 perso-

597 862 704 935 nis
756 862 1114 935 Thetidem
1178 863 1409 935 fuisse.
1511 861 1685 935 Eius
1752 860 1833 934 de
1896 860 2213 958 Apolline
2255 858 2589 956 querelas
2653 858 2829 955 apud

595 962 945 1037 Platonem
994 962 1101 1036 II.
1154 965 1235 1036 de
1288 990 1431 1062 rep.
1486 989 1553 1062 Ρ.
1588 964 1764 1038 383.
1816 964 1905 1035 A.
1959 987 2045 1034 ex
2098 962 2222 1032 hac
2272 960 2495 1031 fabula
2535 969 2825 1055 sumptas

600 1090 748 1138 esse
801 1066 964 1138 vidit
997 1064 1168 1138 Ern.
1205 1064 1685 1140 Schneiderus.
1788 1062 2082 1161 Scripsit
2117 1061 2354 1135 Plato:
2409 1058 2640 1135 πολλὰ
2676 1061 2828 1157 ἄρα

587 1162 919 1263 Ομήρου
967 1169 1439 1251 ἐπαινοῦντες
1487 1167 1714 1255 ἄλλα,
1779 1172 2001 1240 τοῦτο
2066 1163 2204 1238 οὐκ
2252 1159 2827 1255 ἐπαινεσόμεθα,

595 1267 735 1362 τὴν
782 1274 919 1342 τοῦ
953 1267 1322 1346 ἐνυπνίου
1371 1266 1674 1363 πομπὴν
1720 1264 1867 1341 ὑπὸ
1916 1264 2095 1349 Διὸς
2154 1272 2265 1360 τιῢ
2302 1263 2828 1366 Ἀγαμέμνονι,

597 1367 766 1444 οὐδ’
811 1366 1214 1466 Αἰσχύλου,
1267 1368 1452 1443 ὅταν
1501 1376 1608 1468 φῇ
1646 1368 1849 1452 Θέτις
1895 1365 2032 1444 τὸν
2066 1362 2494 1442 Ἀπόλλωνα
2543 1368 2628 1441 ἐν
2674 1369 2831 1450 τοῖς

597 1470 824 1568 αὐτῆς
870 1468 1140 1574 γάμοις
1190 1469 1474 1570 ᾄδοντα

1100 1620 1582 1696 ἐνδατεῖσθαι
1631 1619 1766 1703 τὰς
1813 1618 1939 1704 ἑὰς
1985 1615 2374 1702 ευπαιὸίας

896 1718 1148 1800 νόσων
1196 1724 1264 1796 τ’
1326 1722 1675 1816 ἀπείρους
1721 1719 1850 1796 καὶ
1896 1720 2384 1817 μακραίωνας
2428 1718 2674 1817 βίους,

898 1820 1292 1918 ξύμπαντοί
1340 1823 1413 1898 τ’
1472 1821 1728 1912 εἰπών,
1776 1825 2153 1920 θεοφιλεῖς
2201 1820 2385 1915 ἐμὰς
2431 1819 2661 1918 τύχας

896 1927 1151 1999 παιᾶν’
1209 1922 1747 2022 επευφήιιησεν,
1797 1925 2168 2019 εὐθυμῶν
2216 1923 2377 2019 ἐμέ·

736 2026 845 2102 5
895 2024 1105 2128 κάγώ
1155 2024 1242 2101 τὸ
1294 2026 1593 2126 Φοίβου
1643 2029 1862 2100 θεῖον
1910 2024 2233 2122 ἀψευδὲς
2281 2022 2523 2120 στόιια

893 2128 1199 2224 ἤλπιζον
1246 2126 1435 2202 εἶναι
1484 2134 1803 2224 μαντικῇ
1853 2124 2097 2256 βρύον
2146 2154 2405 2224 τεχνῃ·

897 2230 938 2305 ὃ
990 2228 1066 2313 δ’
1128 2228 1352 2313 αὐτὸς
1400 2229 1694 2322 ὑμνῶν,
1748 2228 1972 2358 αὐτὸς
2018 2232 2102 2304 εν
2153 2229 2379 2324 θοίνῃ
2430 2223 2724 2322 παρεόν,

896 2331 1124 2416 αὐτὸς
1168 2329 1340 2406 τάδ’
1400 2328 1656 2419 εἰπών,
1709 2328 1932 2415 αὐτός
1979 2334 2182 2406 ἐστιν
2229 2329 2274 2405 ὃ
2323 2329 2624 2408 κτανών

891 2433 1029 2508 τὸν
1077 2432 1313 2508 παῖδα
1362 2433 1498 2509 τὸν
1548 2427 1754 2528 εμόν.
2129 2451 2141 2467 “

590 2585 949 2687 Repetivit
984 2586 1151 2658 haec
1200 2611 1284 2656 ex
1338 2585 1625 2658 Platone
1657 2584 1992 2657 Eusebius
2022 2582 2266 2709 Praep.
2302 2582 2568 2680 Evang.
2597 2581 2826 2657 XIII.

591 2688 666 2761 3.
753 2687 862 2757 ubi
927 2710 1280 2805 perperam
1356 2687 1672 2782 scriptum
1743 2684 1870 2759 καὶ
1951 2685 2426 2782 μακραίωνος
2492 2682 2673 2781 βίου
2755 2692 2826 2756 et

588 2785 873 2859 παίωνι
956 2811 1101 2857 nam
1172 2787 1284 2884 qui
1351 2787 1456 2858 vel
1523 2787 1805 2882 aliquem
1875 2787 2112 2858 habeat
2191 2788 2430 2883 tragici
2497 2787 2856 2865 sermonis

591 2908 816 2978 usum,
891 2886 1188 2959 dubitare
1246 2913 1375 2960 non
1445 2890 1706 2985 poterit
1757 2889 1910 2985 quin
1963 2888 2218 2962 παιᾶν’
2279 2883 2820 2986 ἑπευφνμησεν,

589 2989 761 3086 quod
816 2989 1070 3087 aliquot
1120 2988 1383 3062 codices
1433 2988 1740 3061 Platonis
1790 2991 2133 3087 praebent,
2186 2991 2506 3090 scriptum
2555 2991 2637 3062 ab
2677 2990 2824 3062 Ae-

587 3090 816 3188 schylo
867 3090 1093 3164 fuerit.
1195 3090 1460 3164 Primus
1516 3114 1741 3163 versus
1793 3091 2011 3165 suerat

538 3245 589 3321 5
726 3252 731 3257 '
841 3239 882 3315 ὃ
933 3238 1009 3316 δ’
1069 3240 1481 3318 ἔνδατεῖται
1528 3240 1665 3327 τὰς
1712 3241 1838 3326 ἑὰς
1887 3240 2294 3328 εὐπαιδίας.
2401 3322 2412 3333 ,

584 3392 820 3494 Neque
869 3395 1044 3468 enim
1095 3420 1365 3469 necesse
1417 3404 1522 3468 est
1570 3404 1647 3468 ut
1675 3391 1857 3489 ἐμὰς
1887 3396 2203 3492 scriptum
2237 3395 2442 3469 fuisse
2471 3403 2816 3495 putemus=

584 3521 734 3571 nam
785 3496 911 3581 ἑὰς
958 3496 1360 3593 indignantis
1413 3521 1562 3569 esse
1612 3506 1837 3594 potest
1887 3506 1956 3570 et
1989 3499 2453 3595 exprobrantis
2505 3520 2674 3595 qnae
2712 3498 2818 3568 ia·-

585 3602 866 3673 ctaverit
913 3600 1191 3697 Apollo.
1296 3596 1555 3671 Versus
1607 3601 1655 3673 5
1689 3643 1794 3655 —
1820 3599 1896 3674 9.
1964 3600 2187 3671 attulit
2252 3600 2450 3672 etiam
2513 3599 2816 3672 Athena-

583 3725 784 3793 goras
850 3702 919 3773 in
984 3702 1193 3798 legat.
1257 3726 1381 3797 pro
1449 3686 1704 3773 Christ.
1770 3725 1843 3799 p.
1898 3703 2022 3775 22.
2074 3700 2163 3773 Β.
2229 3703 2389 3797 (90.
2456 3701 2564 3773 ed.
2633 3697 2808 3796 Ox.)

581 3794 844 3875 Versus
895 3806 970 3878 7.
1022 3805 1097 3877 8.
1150 3812 1363 3875 autem
1415 3800 1816 3875 Plutarchus
1869 3801 1950 3874 de
2004 3803 2157 3876 aud.
2208 3812 2392 3902 poet.
2442 3828 2516 3900 Ρ.
2564 3804 2683 3878 16.
2720 3798 2810 3874 Ε.
2883 3836 2892 3845 ⁸

581 3903 696 3976 ubi
743 3928 867 4000 pro
920 3900 1146 3999 θοίνῃ
1197 3905 1445 4001 legitur
1493 3900 1696 3978 δαιτὶ
1748 3908 1818 3977 et'
1866 3900 2142 4003 διαίτῃ,
2179 3910 2287 3998 'et,
2340 3905 2452 4004 qui
2504 3929 2621 3978 eos
2675 3900 2813 3976 So·-

579 4004 810 4104 phocli
858 4005 1113 4097 tribuit,
1172 4005 1662 4099 1ΡΙιοοῙιιιιιιιιιοιι
1713 4005 1783 4079 ἰιι
1832 3992 2099 4078 Walzii
2146 4007 2355 4083 Rhet.
2407 4006 2542 4079 vol.
2594 4002 2813 4078 VIII.

580 4132 654 4207 Ρ.
705 4110 882 4183 518.
936 4107 1048 4179 ubi
1096 4107 1415 4206 scriptum
1463 4107 1548 4182 ἐν
1591 4134 1885 4210 γαμοις.

783 4257 1105 4333 Caussam
1153 4284 1338 4333 suam
1389 4284 1611 4334 coram
1673 4259 2003 4334 iudicibus
2070 4267 2140 4334 et
2188 4259 2459 4334 Ulixem
2523 4266 2593 4334 et
2638 4258 2812 4345 Aia-

581 4382 724 4441 cem
776 4385 1029 4455 orasse,
1080 4361 1280 4435 etiam
1330 4364 1392 4436 si
1438 4360 1690 4435 nullum
1742 4363 1888 4437 eius
1935 4363 2039 4437 rei
2086 4362 2439 4477 vestigium
2467 4368 2808 4455 exstant,
