3192 4992
1373 1367 1523 1443 DE
2569 1372 2618 1443 3

180 1635 186 1646 ·
331 1565 1061 1685 oFFlclo
1153 1565 2565 1712 'INTERPRETISQ

1247 1837 1655 1847 -——-———--——

323 1991 672 2125 Regium
720 2024 1163 2101 Seminarium
1210 2029 1691 2127 philologicum
1702 2082 1730 2117 ,
1797 2023 2081 2102 solutum
2114 2035 2345 2118 'morte
2398 2026 2564 2101 chr.

318 2127 514 2201 Dan.
567 2128 851 2223 Beckii,
920 2155 1117 2227 quum
1179 2133 1549 2204 instaurare
1587 2131 2065 2203 ¹decrevissent
2097 2130 2361 2222 ,summi
2412 2130 2563 2222 viri,

323 2254 616 2328 quorum
666 2255 972 2329 supremo
1024 2233 1300 2305 arbitrio
1352 2257 1463 2306 res
1499 2230 1978 2305 Vniversitatis
2016 2239 2283 2303 nostrae
2319 2229 2566 2327 guber-
2634 2239 2642 2256 ⁸

318 2340 615 2425 uantur,
682 2334 844 2404 mihi
909 2334 1053 2406 eius
1119 2358 1279 2406 cura
1345 2332 1733 2405 demandata
1783 2341 1927 2423 est,
1998 2332 2314 2427 legesque
2379 2331 2564 2404 initis

317 2457 591 2506 mecum
642 2434 944 2506 consiliis
996 2435 1327 2527 conditae,
1382 2434 1617 2530 quibus
1669 2440 1738 2505 et
1785 2432 1997 2530 ipsius
2046 2431 2376 2505 institutio
2427 2430 2564 2505 Se-

314 2534 601 2607 minarii
667 2543 737 2606 et
802 2558 968 2631 quae
1034 2535 1099 2607 ei
1165 2560 1311 2608 cum
1381 2534 1724 2608 Societate
1790 2533 2058 2607 Graeca
2123 2532 2563 2606 intercederet

312 2636 502 2709 ratio
560 2635 1065 2709 describeretur.
1170 2636 1381 2709 Volui
1432 2637 1606 2708 enim
1651 2636 1982 2733 integram
2028 2635 2193 2710 mihi
2240 2642 2435 2731 atque
2475 2636 2564 2707 il-

310 2738 603 2811 libatam
654 2761 920 2810 servare
952 2737 1356 2812 Societatem
1392 2735 1748 2829 Graecam,
1802 2760 1969 2833 quae
2001 2736 2176 2809 sicut
2205 2737 2355 2836 ipsa
2391 2760 2561 2833 gau-

314 2838 436 2913 det
487 2846 600 2912 tot
648 2839 849 2913 claris
899 2839 1268 2913 nominibus
1320 2865 1588 2913 suorum
1641 2840 1965 2938 quondam
2016 2838 2379 2930 sodalium,
2445 2839 2559 2934 qui

311 2964 500 3014 nunc
584 2940 924 3039 plerisque
992 2943 1065 3013 in
1133 2942 1511 3015 Academiis
1582 2939 1962 3037 scholisque
2038 2939 2294 3037 patriae
2360 2945 2557 3036 atque

312 3043 529 3116 etiam
600 3050 795 3115 extra
858 3044 1138 3140 patriam
1202 3042 1481 3136 docent,
1541 3042 1650 3115 -ita
1718 3065 1937 3115 caram
1986 3041 2128 3114 eius
2179 3041 2557 3114 memoriam

311 3167 473 3217 esse
533 3143 730 3217 video
781 3144 1107 3236 omnibus,
1159 3144 1273 3241 qui
1320 3145 1441 3215 illa
1490 3144 1700 3217 amica
1747 3144 1820 3215 in
1871 3142 2329 3215 coniunctione
2381 3143 2557 3215 anti-

313 3246 472 3344 quis
525 3245 776 3318 litteris
842 3246 952 3317 vel
1014 3252 1190 3319 'nunc
1253 3268 1521 3342 operam
1585 3244 1744 3317 dant
1806 3244 1917 3316 vel
1983 3244 2144 3317 olim
2208 3242 2556 3336 dederunt,

309 3347 671 3444 fuisseque
735 3371 955 3420 caram
1021 3347 1162 3421 scio
1226 3347 1384 3418 illis·
1418 3370 1685 3439 eorum,
1760 3370 1924 3442 quos
1988 3346 2058 3416 in
2111 3343 2328 3416 medio
2380 3344 2556 3416 vitae

311 3471 528 3522 cursu
553 3488 558 3493 ·
582 3448 807 3520 fatalis
859 3448 1131 3520 abstulit
1179 3448 1561 3522 necessitas.
1664 3445 2060 3545 Separatum
2102 3445 2309 3542 igitur
2347 3468 2389 3516 a
2417 3442 2558 3519 So-

310 3551 575 3624 cietate
628 3547 894 3623 Graeca
943 3550 1072 3623 erit
1104 3547 1570 3642 Seminarium,
1623 3549 1810 3622 cuius
1864 3548 2083 3622 studia
2131 3546 2436 3643 quoniam
2487 3556 2557 3620 et

262 3727 277 3733 ,
308 3649 385 3725 in
420 3650 726 3727 Graecis
779 3658 848 3723 et
894 3650 967 3722 in
999 3649 1271 3724 Latinis
1319 3651 1564 3723 litteris
1603 3650 2056 3740 versabuntur,
2085 3648 2360 3745 vplacuit
2410 3649 2553 3720 eius

312 3753 489 3826 duas
548 3754 804 3827 classes
856 3754 1284 3845 constituere,
1338 3752 1607 3849 quarum
1661 3753 1751 3845 ei,
1805 3775 1972 3849 quae
2003 3749 2254 3822 Latina
2303 3755 2555 3823 tracta-
2604 3783 2617 3790 -

309 3854 442 3948 bit,
499 3879 657 3928 meo
708 3862 946 3951 rogatu
995 3855 1370 3952 praefectus
1420 3861 1525 3926 est
1573 3853 1943 3927 Reinoldus
1993 3851 2339 3945 Klotzius,
2390 3876 2557 3949 pro·

308 3955 549 4070 sessor
598 3956 1061 4055 philosophiae
1128 3964 1321 4030 extra
1370 3954 1661 4028 ordinem
1677 4005 1705 4048 ‚
1775 3955 1880 4029 vir
1926 3953 2551 4045 excellentissimus,

495 4294 557 4379 ι)
628 4297 786 4359 Edita
836 4306 920 4358 est
969 4317 1022 4359 a.
1074 4294 1260 4358 1834.
1356 4297 1640 4356 censuram
1704 4295 1862 4354 huius
1914 4294 2296 4354 dissertationis
2347 4245 2556 4368 scripsit

302 4383 644 4445 Boeekhius
673 4388 732 4443 in
752 4381 1043 4445 Annalibus
1061 4382 1487 4444 Berolinensibus
1528 4401 1577 4442 a.
1616 4375 1800 4441 1885.
1823 4400 1894 4440 m.
1917 4380 2161 4440 Ianuario
2196 4397 2252 4436 ιι.
2283 4373 2385 4438 ll.
2407 4381 2554 4454 seqq.

249 4499 256 4505 ’
381 4481 653 4584 1Ηιιιιι.
694 4479 813 4550 Or.
851 4479 993 4551 vll.
1431 4523 1432 4530 κ
2096 4472 2153 4538 G
