3192 4992
712 378 813 448 DE
855 376 1282 440 TRAGoEmA
1324 378 1866 450 contemnens
1907 381 2207 448 LYch.
2406 383 2411 386 ⁸
2444 382 2583 454 229

347 542 637 617 nami
687 539 1051 642 profecto
1067 567 1098 618 κ
1117 542 1293 617 ludi
1314 540 1712 641 fm'ssent,
1746 629 1749 634 .
1779 547 1867 622 in
1929 542 2210 650 quibus
2252 550 2575 625 'comico

347 646 609 745 aliquo
670 668 784 718 eat
843 643 1251 748 Sophoclis
1316 645 1733 747 Antigona
1792 649 1922 722 vol
1977 647 2268 751 Oedipo
2319 649 2571 751 Rege,

344 768 580 846 eoque
630 743 777 819 ἀπὸ
826 752 1136 843 σκηνῆς,
1200 743 1416 822 brem·
1456 760 1540 822 et
1582 747 1904 823 diemde
1950 748 2350 853 decerpto,
2402 776 2573 836 eor·-¹

342 858 514 921 tare
555 849 943 945 potuisset
991 858 1270 923 cantor
1286 874 1313 922 .-
1378 861 1457 924 οι
1502 863 1774 950 sponte
1812 862 2062 951 patet,
2115 876 2321 952 quae,
2370 855 2573 926 coei-

337 960 628 1021 nerum'
675 951 812 1021 isti
855 951 941 1025 in
990 947 1107 1022 hie
1157 949 1365 1023 ludis
1415 950 1760 1025 comoedi
1817 962 1895 1025 ot
1940 951 2339 1051 tragoedi,
2404 979 2570 1030 am-

324 1050 598 1146 pliora
627 1049 892 1146 fuisse
940 1054 1305 1126 carmina
1354 1054 1638 1149 lyrica,
1692 1076 1896 1153 quae
1943 1054 2030 1126 iu
2067 1053 2273 1127 ludis
2309 1057 2571 1129 locum

333 1152 548 1223 tueri
583 1163 920 1249 possent.
1010 1152 1131 1240 ‚Ad
1196 1153 1361 1227 haec
1423 1151 1636 1251 primo
1699 1154 2102 1251 respondere
2164 1155 2362 1247 licet,
2428 1181 2567 1236 non

330 1251 574 1330 iustam
626 1277 772 1326 esse
825 1254 1486 1347 demonstrationem,
1555 1280 1683 1352 qua
1749 1264 1984 1352 sponte
2034 1264 2262 1353 patere
2317 1257 2563 1331 dicitur

328 1352 426 1444 id,
502 1354 677 1450 quod
728 1357 1141 1453 comprobari
1192 1358 1594 1451 argumentis
1647 1364 1760 1430 aut
1810 1358 2203 1432 testimoniis
2254 1357 2561 1433 debebat.

327 1451 595 1527 Deinde
648 1456 836 1529 leves
888 1482 1046 1530 sane
1098 1465 1167 1530 et
1215 1468 1446 1532 tenues
1497 1466 1721 1531 essent
1772 1459 1952 1550 ludi,
2026 1459 2086 1531 si
2133 1460 2205 1532 in
2252 1460 2343 1533 iis
2389 1459 2563 1536 nihil

328 1555 513 1628 aliud
564 1565 782 1630 actum
833 1568 1048 1651 esset,
1103 1583 1292 1656 quam
1347 1568 1418 1632 ut
1467 1560 1822 1633 comoedus
1874 1560 2125 1657 aliquis„
2165 1568 2233 1633 et
2282 1569 2560 1658 tragoe-

201 1671 206 1676 ’
329 1657 453 1730 dus
506 1658 701 1736 breve
755 1661 1075 1734 canticum
1127 1662 1464 1734 recitaret.
1564 1661 1661 1733 At
1711 1662 1934 1734 multis
1985 1662 2182 1735 etiam
2240 1663 2392 1734 aliis
2442 1687 2563 1735 re-

325 1758 451 1831 bus
503 1768 822 1834 certatum
873 1770 999 1853 est,
1054 1769 1126 1835 et‘
1172 1763 1242 1834 in
1290 1763 1395 1834 his
1449 1767 1635 1836 certo
1689 1762 2069 1859 quibusdam
2110 1788 2241 1836 non
2281 1765 2558 1862 perlon-

325 1861 473 1957 gis:
545 1862 751 1934 veluti
816 1864 928 1960 qui
977 1864 1235 1936 initium
1287 1864 1618 1937 faciebant
1672 1888 2073 1961 praecones,
2147 1866 2374 1962 ecquis
2425 1866 2557 1940 hos
2674 1909 2683 1918 =

322 1970 503 2035 totas
532 1969 540 1976 ’
566 1963 768 2036 horas
818 1965 1190 2038 clamitasse
1242 1959 1523 2039 credat?
1623 1965 1840 2040 Porro
1894 1965 2313 2040 concedimus
2362 1991 2554 2060 saue,

323 2086 492 2159 qnae
545 2065 846 2160 tragoedi
897 2066 1276 2139 comoedive
1326 2067 1718 2159 recitabant,
1778 2091 1922 2141 eam
1974 2067 2277 2141 debuisse
2326 2068 2555 2174 longi-

318 2163 612 2238 tudinem
663 2167 932 2258 babere,
982 2175 1056 2240 ut
1105 2169 1393 2265 spectari
1445 2163 1786 2266 audirique
1840 2192 2081 2266 operae
2123 2169 2408 2266 pretium
2438 2194 2557 2241 es-

269 2289 276 2298 ’
317 2274 450 2356 set,
555 2266 733 2358 Quid
783 2262 997 2341 vcro?
1061 2294 1194 2341 non
1244 2270 1481 2344 iustam
1512 2269 2023 2366 magnitudinem
2054 2269 2252 2342 habet
2296 2268 2553 2343 descri-

313 2368 460 2466 ptio
513 2392 775 2465 pugnae
826 2368 1229 2443 Salaminiae
1280 2371 1350 2442 iu
1398 2370 1637 2442 Persis
1682 2362 2056 2464 Aeschyli?
2133 2394 2265 2446 non
2315 2370 2549 2443 Aiacis

312 2468 384 2542 in
439 2469 731 2542 defixum
783 2494 1002 2542 ensem
1036 2471 1391 2544 incubituri
1435 2471 1655 2545 oratio
1697 2469 1871 2568 apud
1905 2464 2366 2567 Sophoclem?
2415 2496 2551 2548 non

309 2569 436 2644 illa
486 2571 560 2646 in
609 2570 863 2648 Avibus
911 2572 1383 2669 Aristophanis
1429 2572 1675 2645 eximia
1724 2571 1945 2643 mundi
1997 2572 2273 2668 originis
2324 2558 2606 2669 expli-³

312 2665 554 2744 catio?
629 2695 762 2744 non
824 2680 926 2746 tot
988 2673 1378 2746 recentioris
1442 2672 1822 2745 comoediae
1890 2673 2189 2765 cantica,
2271 2695 2548 2770 quorum
2672 2759 2681 2772 ι

308 2774 663 2871 praeclara
732 2774 1046 2871 quaedam
1111 2775 1416 2872 exempla
1483 2774 1552 2845 in
1619 2773 1849 2848 Plauti
1914 2773 2155 2849 fabulis
2222 2769 2547 2849 exstant?

307 2873 408 2948 Et
479 2875 626 2971 quis
677 2876 929 2966 nescit,
1001 2886 1403 2973 quantopere
1470 2875 1781 2949 delectati
1831 2874 2078 2949 fuerint
2128 2873 2381 2949 Graeci
2429 2900 2546 2950 re·-

273 2976 814 3073 .praesentandis
865 3001 1010 3049 cum
1063 2977 1551 3051 accommodato
1605 2985 1800 3074 gestu
1850 2977 2298 3068 sermonibus,
2365 2976 2544 3074 quod

263 3078 653 3176 ‘proprium
717 3087 821 3151 est
886 3102 1114 3152 eorum
1163 3078 1493 3170 officium,
1567 3079 1680 3175 qui
1744 3078 2048 3175 tragoedi
2112 3078 2542 3177 comoedique

309 3173 758 3253 dicebantur?
843 3173 1068 3253 'Immo
1122 3203 1201 3251 eo
1254 3180 1428 3276 ipso,
1482 3180 1657 3276 qnod
1708 3180 1856 3252 istis
1907 3178 2278 3252 nominibus
2326 3179 2398 3252 in
2429 3181 2541 3270 in--⁵
2632 3203 2645 3212 “

306 3281 781 3378 scriptionibus
832 3281 971 3355 illis
1023 3281 1317 3355 distincti
1366 3290 1545 3373 sunt,
1595 3281 1666 3352 id
1702 3305 1844 3373 eos,
1898 3280 2073 3379 quod
2107 3281 2395 3353 muneris
2430 3281 2640 3359 suil9

305 3390 554 3474 esset,
582 3408 712 3455 non
763 3383 943 3456 aliud
994 3382 1151 3481 quid
1201 3383 1460 3479 egisse,
1527 3390 2035 3456 cousentaneum
2085 3390 2215 3454 est.
2315 3380 2535 3455 Porro

308 3485 551 3558 scribit
577 3484 998 3562 Boeckbinsz
1049 3483 1327 3559 deinde
1377 3486 1452 3558 si
1496 3481 1966 3584 tragoedum
2007 3488 2325 3565 παλαιᾶς
2353 3510 2537 3580 toa-

295 3581 593 3687 ycpdc'ag
643 3598 877 3682 putes
943 3610 1055 3661 ex
1118 3596 1423 3660 vetusta
1487 3582 1906 3685 tragoedia
1972 3581 2549 3685 deprompsisse

305 3688 732 3776 canticum,
785 3712 933 3759 cm·
983 3711 1095 3761 ex
1142 3690 1458 3761 vetustis
1505 3686 1937 3787 tragoediis
1978 3688 2147 3761 sola
2183 3683 2535 3783 deprom-

296 3800 451 3888 pta
515 3790 839 3862 cantica
899 3790 1130 3861 sunt?
1211 3814 1360 3862 eur
1428 3813 1585 3861 non
1649 3790 2038 3888 integrae,
2082 3788 2289 3866 illae⁹
2345 3797 2536 3867 sunt
2622 3827 2629 3838 ·

305 3901 631 3981 actae,
698 3914 937 3991 quum
1001 3903 1261 3963 tamen
1324 3914 1569 3965 novae
1619 3891 1782 3964 sint
1828 3889 2108 3963 actae?
2205 3887 2329 3965 Ad.
2362 3889 2537 3966 baec

302 3992 706 4088 respondere
755 3991 1137 4064 facillimum
1189 4000 1318 4063 est.
1420 3989 1699 4065 Cantica
1749 3992 1921 4082 sola,
1982 4015 2122 4070 non.
2166 3989 2313 4067 sola
2361 4014 2530 4088 quae

306 4090 454 4165 ἀπὸ
506 4100 774 4191 σκηνῆς
822 4102 1176 4185 vocantur,
1229 4102 1301 4166 ut
1350 4092 1571 4191 placet
1619 4092 2008 4185 Boeckbio,
2058 4091 2176 4165 sed
2227 4109 2393 4190 quae
2444 4091 2527 4164 ab

302 4190 572 4267 Latinis
639 4196 897 4269 cantica
962 4195 1306 4287 dicuntur,
1377 4195 1508 4267 hoc
1556 4203 1661 4268 est
1724 4195 1919 4267 unius
1978 4194 2339 4293 longiores
2381 4193 2526 4264 sine

302 4294 776 4374 interlocutore
825 4319 1187 4391 sermones,
1241 4297 1537 4370 delectos
1589 4296 1956 4388 credimus,
2022 4297 2176 4396 quia
2223 4296 2354 4366 hoc
2403 4317 2529 4389 gc-

303 4421 428 4471 nus
477 4399 853 4474 certaminis
914 4400 1111 4499 plane
1175 4398 1357 4508 aliud
1418 4398 1631 4476 fuisse.
1676 4407 2020 4500 putamus,
2090 4419 2284 4497 quam
2329 4393 2543 4469 exhi-
