3192 4992
717 337 820 400 DE
860 336 1160 400 DUABUS
1198 337 1840 402 INSCRIPTIONIBUS
1884 340 2217 408 GRAECIS.
2442 340 2567 412 179

347 501 669 576 tissimum
720 511 850 600 est.
944 499 1264 580 Victores
1313 527 1473 578 vero
1522 506 1793 602 ubique,
1840 515 1920 580 ut
1967 533 2091 604 par
2139 517 2268 600 est,
2320 509 2566 585 diserte

353 605 610 700 quoties
658 604 939 677 vicerint
989 603 1251 697 dicunt,
1323 632 1532 704 eoque
1599 633 1871 680 numero
1924 611 2317 705 gloriantur.
2416 613 2567 703 „At

203 802 208 808 ,
349 713 627 803 „potest
674 707 888 779 etiam·
923 707 1112 779 miles
1163 708 1339 782 bello
1392 711 1612 781 clarus
1656 710 1902 806 aliquid
1945 711 2311 784 dedicasse.
2382 711 2569 786 Con-

348 807 608 899 „cedox
680 807 1161 904 frequentiores
1212 818 1430 882 tamen
1481 818 1636 883 sunt
1683 811 1862 882 tituli
1911 834 1951 881 a
2000 811 2304 884 ludorum
2355 814 2569 888 victo·-

347 908 586 999 „ribus
648 911 891 1005 positi:
957 918 1153 1006 atque
1220 911 1540 984 accedunt
1603 911 1769 983 duae
1833 911 2195 1005 lectiones,
2268 938 2435 1010 quae
2485 911 2565 987 ad

271 1027 278 1038 ¹
348 1008 706 1100 „ludorum
757 1012 1070 1083 victorem
1120 1012 1674 1109 hoplitodromum
1726 1012 2090 1086 deducunt:
2156 1038 2306 1087 nam
2355 1040 2456 1087 vs.
2491 1019 2570 1091 6.

343 1112 742 1206 „probabile
794 1122 897 1185 est
944 1109 1274 1208 παριών,
1332 1116 1822 1211 praeteriens
1872 1126 1950 1188 et
1988 1115 2568 1213 praetereundo

346 1214 756 1305 „vineem,
829 1215 1003 1310 quod
1053 1223 1158 1288 est
1195 1216 1523 1306 cursoris,
1576 1225 1646 1287 et
1699 1240 1795 1288 νε.
1847 1219 1921 1289 3.
1974 1215 2406 1293 ΠΕΙΟΠΣ
2449 1220 2571 1292 vix

223 1315 229 1322 ’
347 1314 470 1404 „in
521 1314 702 1388 aliud
751 1318 1107 1390 mutaveris
1142 1341 1331 1413 quam
1366 1320 1831 1405 ΠΕΡΟΠΣ,
1881 1327 1955 1390 ut
1991 1327 2217 1391 teneas
2246 1318 2569 1417 Pelopem

347 1412 905 1512 „Olympicorum
983 1418 1284 1492 ludorum
1366 1420 1658 1493 heroem.
1797 1418 2203 1500 Concinunt,
2247 1422 2423 1492 inter
2492 1444 2567 1494 se

348 1518 622 1608 „omnia
698 1519 833 1610 ita,
912 1526 986 1593 ut
1054 1521 1271 1616 aptius
1350 1521 1515 1593 nihil
1584 1522 1869 1617 cogitari
1931 1522 2170 1617 possit.
2190 1528 2244 1570 ‘⁶
2370 1520 2566 1618 Nego
2695 1595 2701 1610 ,

348 1620 693 1693 ΕΙΟΠΣ
751 1621 914 1707 (non
966 1622 1135 1694 enim
1190 1623 1619 1697 ΠΕΙΟΠΣ
1673 1641 1760 1695 ex
1822 1623 2045 1719 lapide
2097 1624 2402 1721 affertur)
2459 1626 2570 1696 vix
2674 1709 2685 1720 ἢ

345 1722 416 1791 in
471 1720 646 1792 aliud
700 1722 935 1794 mutari
984 1747 1220 1819 posse:
1290 1723 1405 1795 sed
1455 1748 1540 1796 ne
1591 1724 1652 1796 si
1704 1724 1964 1820 quidem
2013 1725 2110 1797 ita
2153 1733 2356 1816 esset,
2407 1750 2573 1822 pro-

344 1830 578 1917 pterea
629 1821 893 1919 Πέλοψ
941 1832 1015 1895 ut
1063 1847 1289 1898 verum
1342 1825 1665 1917 adscisci,
1733 1850 1820 1899 ex
1885 1849 2093 1921 eoque
2157 1829 2418 1900 nomine
2485 1826 2568 1899 de

346 1932 729 2017 argumento
781 1925 954 1997 tituli
1006 1926 1286 1999 iudicari
1338 1923 1635 2000 deberet.
1734 1923 1885 1999 Non
1938 1937 2120 2000 recte
2183 1928 2355 2000 enim
2406 1949 2573 2024 pro-

346 2023 522 2096 cedit
584 2026 749 2098 baec
817 2028 1338 2123 argumentatio:
1429 2029 1582 2124 quia
1648 2032 1993 2104 ΕΙΟΠΣ
2059 2030 2176 2100 vix
2245 2030 2317 2101 in
2363 2028 2569 2104 'aliud

346 2149 535 2221 quam
585 2126 657 2199 in
712 2126 971 2225 Πέλοψ
1032 2130 1271 2202 mutari
1335 2138 1596 2224 potest,
1662 2139 2017 2228 propterea
2065 2129 2339 2226 Pelopis
2392 2130 2567 2204 facta

343 2235 449 2299 est
511 2229 754 2301 mentio
822 2231 1272 2326 victoriaeque
1340 2229 1769 2327 Olympicae=
1842 2231 2016 2327 quod
2080 2231 2255 2302 idem
2320 2239 2425 2302 est
2489 2255 2568 2303 ac

343 2327 406 2400 εἰ
454 2329 601 2425 quis
655 2329 832 2403 dicat
880 2355 1029 2403 esse
1081 2331 1279 2427 quid,
1340 2333 1492 2427 quia
1540 2332 1825 2404 fortasse
1878 2332 1991 2402 sit.
2104 2329 2220 2402 Ex
2275 2356 2402 2426 quo
2457 2356 2569 2402 sc·-

341 2430 602 2526 quitur‚
682 2455 813 2503 non
877 2441 1059 2505 recte
1122 2434 1255 2504 ista
1317 2433 1413 2503 ita
1475 2432 1650 2504 inter
1712 2456 1784 2504 se
1850 2432 2199 2504 concinere
2252 2432 2424 2526 dici,
2498 2441 2601 2522 ut·

340 2532 563 2627 aptius
613 2532 777 2630 nihil
831 2534 1112 2630 cogitari
1162 2535 1399 2629 possit.
1500 2531 1700 2623 „Iam
1753 2534 2054 2629 qnoniam
2105 2533 2242 2604 ludi
2281 2534 2455 2606 sacri
2499 2531 2615 2605 et7

247 2723 250 2726 ,
340 2633 617 2724 „sancti
665 2642 858 2725 sunt,
897 2659 991 2707 vs.
1030 2637 1105 2709 4.
1157 2635 1375 2707 scribo
1429 2631 1658 2715 ὁσίοις
1685 2636 1766 2707 ἐν
1800 2632 2137 2721 ἄέθλοις,·
2190 2632 2359 2708 ὅσια
2390 2635 2567 2710 enim

340 2760 528 2826 „non
580 2736 788 2806 solum
832 2733 1192 2833 profana
1243 2743 1418 2826 sunt,
1473 2736 1590 2808 sed
1642 2736 1838 2807 etiam
1888 2747 2174 2807 cancta
2220 2746 2300 2808 et
2344 2760 2567 2810 vene-

338 2835 709 2929 »ναπαίας
757 2838 952 2910 immo
1004 2839 1170 2911 haec
1218 2846 1321 2910 est
1371 2837 1705 2933 primitiva
1757 2837 1937 2908 vocis
1979 2837 2103 2926 vis,
2157 2836 2563 2933 profanaque

338 2947 645 3030 „tautum
699 2947 968 3012 eatenus
1020 2939 1326 3011 dicuntur
1374 2936 1568 3025 ὅσια,
1622 2946 1941 3033 quatenns
1993 2960 2073 3008 ca
2122 2940 2347 3009 salva
2382 2963 2564 3011 sme-

335 3042 666 3133 „carate
716 3052 796 3111 et
840 3042 1220 3139 religione
1270 3049 1554 3111 tractare
1606 3040 1847 3127 licet.“
1946 3036 2050 3109 Ne
2100 3038 2265 3109 haec
2302 3040 2563 3133 quidem

336 3141 479 3214 ullo
532 3149 727 3236 pacto
763 3142 1039 3214 concedi
1077 3149 1378 3238 possunt.
1479 3140 1650 3213 Nam
1705 3138 1873 3216 ὅσια
1913 3147 2333 3236 opponuntur
2384 3139 2565 3213 ἄνο-

339 3238 548 3329 aiom,
600 3250 676 3313 ut
718 3240 886 3315 ὅσια
928 3242 1169 3316 ἄεθλα
1204 3244 1361 3334 sint,
1414 3243 1495 3314 ad
1549 3265 1714 3338 quae
1768 3242 2082 3313 accedere
2133 3263 2265 3313 non
2317 3241 2407 3313 sit
2439 3265 2563 3313 ne-

334 3342 481 3415 fas:
568 3342 678 3417 Ea
727 3368 884 3444 vero
937 3354 1070 3418 tam
1119 3346 1301 3415 nulla
1352 3353 1455 3416 est
1503 3345 1690 3436 laus,
1742 3351 1817 3414 ut
1867 3366 2034 3439 pene
2086 3342 2174 3415 sit
2225 3343 2563 3438 vitupera-

331 3444 461 3518 tio.
565 3445 784 3536 Quare
835 3470 1024 3518 nemo
1077 3446 1176 3518 sic
1225 3467 1528 3541 umquam
1576 3446 1837 3516 locutus
1880 3450 2008 3515 est.
2108 3444 2415 3534 Accedit,
2487 3451 2563 3516 ut

333 3569 569 3643 parum
633 3547 973 3642 eleganter
1035 3543 1358 3620 adiectum
1425 3548 1514 3618 sit
1578 3539 1698 3619 αὖ.
1820 3539 2078 3637 „Certe
2130 3547 2283 3626 τοῖς
2326 3541 2493 3640 ‘dap
2546 3543 2556 3644 Ι

332 3645 621 3741 ,,οσίοις
686 3650 768 3722 ἐν
830 3646 1131 3731 ἀέθλοις
1198 3649 1399 3721 scribi
1463 3648 1727 3743 nequit:
1804 3671 1956 3718 nam
2032 3647 2207 3717 inter
2271 3642 2410 3719 ὃλυ
2492 3656 2561 3717 et

333 3747 624 3842 „om'otc
683 3751 1021 3846 perierunt
1083 3752 1323 3837 multa3
1403 3774 1524 3822 sex
1587 3748 1872 3822 fortasse
1937 3748 2043 3819 vel
2111 3754 2263 3819 octo
2328 3769 2597 3820 versus·

332 3852 596 3944 „fuisse
646 3852 716 3924 in
766 3852 898 3925 hoc
943 3852 1163 3948 lapide
1215 3851 1501 3948 scriptos
1551 3858 1655 3924 tot
1705 3850 2022 3946 spectatis
2063 3849 2320 3921 lacunis
2353 3850 2556 3922 multo

330 3962 497 4046 „est
544 3953 975 4051 probabilius,
1029 3977 1223 4049 quam
1271 3954 1658 4050 pauciores:
1726 3960 1863 4024 tres
1914 3974 2072 4023 vero
2126 3950 2238 4045 qui
2288 3950 2556 4023 efficere

323 4065 664 4148 „conatus
715 4063 819 4128 est
866 4079 992 4128 nec
1039 4064 1258 4128 tamen
1296 4054 1552 4149 effecit,
1606 4060 1786 4126 errat
1832 4052 2264 4127 manifesto.“
2366 4051 2557 4123 Haec

284 4156 511 4234 »facto
564 4156 973 4230 refellentur.
1074 4155 1334 4232 Pendet
1396 4165 1615 4228 autem
1676 4163 1888 4229 totum
1951 4160 2403 4250 argumentum
2466 4176 2556 4226 ex

330 4282 415 4333 eo
431 4309 458 4351 ,
522 4257 697 4355 quod
745 4261 950 4332 multa
998 4259 1279 4357 periisse
1332 4266 1661 4355 sumptum
1710 4263 1849 4330 est:
1919 4257 2094 4352 quod
2145 4256 2206 4328 si
2257 4263 2360 4326 est
2411 4254 2552 4325 sine

329 4384 570 4434 caussa
616 4368 979 4458 sumptum,
1042 4367 1495 4458 argumentum
1557 4383 1816 4457 quoque
1867 4358 2139 4433 corruit.
2239 4352 2557 4452 „Super-
