<?xml version="1.0" encoding="UTF-8"?>
<!DOCTYPE html PUBLIC "-//W3C//DTD XHTML 1.0 Transitional//EN"
    "http://www.w3.org/TR/xhtml1/DTD/xhtml1-transitional.dtd">
<html xmlns="http://www.w3.org/1999/xhtml" xml:lang="en" lang="en">
 <head>
  <title>
</title>
<meta http-equiv="Content-Type" content="text/html;charset=utf-8" />
  <meta name='ocr-system' content='tesseract 3.04.00' />
  <meta name='ocr-capabilities' content='ocr_page ocr_carea ocr_par ocr_line ocrx_word'/>
</head>
<body>
  <div class='ocr_page' id='page_1' title='image "./godofrediherman00fritgoog_0169.png"; bbox 0 0 3192 4992; ppageno 0'>
   <div class='ocr_carea' id='block_1_1' title="bbox 883 307 2548 455">
    <p class='ocr_par' dir='ltr' id='par_1_1' title="bbox 883 307 2548 455">
     <span class='ocr_line' id='line_1_1' title="bbox 883 307 2548 455; baseline 0.002 -36"><span class='ocrx_word' id='word_1_1' title='bbox 883 357 1475 420; x_wconf 77' lang='lat' dir='ltr'><strong>EMENDATIONES</strong></span> <span class='ocrx_word' id='word_1_2' title='bbox 1518 358 1991 455; x_wconf 71' lang='lat' dir='ltr'><strong>PmnAchE.</strong></span> <span class='ocrx_word' id='word_1_3' title='bbox 2144 307 2155 320; x_wconf 69' lang='lat'><strong><em>¹</em></strong></span> <span class='ocrx_word' id='word_1_4' title='bbox 2422 355 2548 431; x_wconf 76' lang='grc'><strong>157</strong></span> 
     </span>
    </p>
   </div>
   <div class='ocr_carea' id='block_1_2' title="bbox 255 523 2645 4070">
    <p class='ocr_par' dir='ltr' id='par_1_2' title="bbox 255 523 2645 4070">
     <span class='ocr_line' id='line_1_2' title="bbox 341 523 2548 626; baseline -0 -26"><span class='ocrx_word' id='word_1_5' title='bbox 341 528 602 626; x_wconf 87' lang='lat' dir='ltr'><strong>quidem</strong></span> <span class='ocrx_word' id='word_1_6' title='bbox 650 549 798 598; x_wconf 89' lang='lat' dir='ltr'><strong>esse</strong></span> <span class='ocrx_word' id='word_1_7' title='bbox 838 523 1182 620; x_wconf 83' lang='lat' dir='ltr'><strong>Pythiadis</strong></span> <span class='ocrx_word' id='word_1_8' title='bbox 1232 549 1595 618; x_wconf 89' lang='lat' dir='ltr'><strong>numerum,</strong></span> <span class='ocrx_word' id='word_1_9' title='bbox 1649 525 1762 622; x_wconf 87' lang='lat' dir='ltr'><strong>qui</strong></span> <span class='ocrx_word' id='word_1_10' title='bbox 1813 533 1916 614; x_wconf 81' lang='lat' dir='ltr'><strong>est</strong></span> <span class='ocrx_word' id='word_1_11' title='bbox 1963 526 2032 597; x_wconf 92' lang='lat' dir='ltr'><strong>in</strong></span> <span class='ocrx_word' id='word_1_12' title='bbox 2083 525 2379 618; x_wconf 78' lang='lat' dir='ltr'><strong>scholiis,</strong></span> <span class='ocrx_word' id='word_1_13' title='bbox 2431 526 2548 599; x_wconf 90' lang='lat' dir='ltr'><strong>sed</strong></span> 
     </span>
     <span class='ocr_line' id='line_1_3' title="bbox 341 625 2549 725; baseline -0 -23"><span class='ocrx_word' id='word_1_14' title='bbox 341 632 537 702; x_wconf 84' lang='lat' dir='ltr'><strong>aliter</strong></span> <span class='ocrx_word' id='word_1_15' title='bbox 600 628 839 699; x_wconf 87' lang='lat' dir='ltr'><strong>debere</strong></span> <span class='ocrx_word' id='word_1_16' title='bbox 891 627 1180 723; x_wconf 79' lang='lat' dir='ltr'><strong>corrigi3</strong></span> <span class='ocrx_word' id='word_1_17' title='bbox 1254 651 1446 723; x_wconf 88' lang='lat' dir='ltr'><strong>quam</strong></span> <span class='ocrx_word' id='word_1_18' title='bbox 1493 626 1739 699; x_wconf 88' lang='lat' dir='ltr'><strong>factum</strong></span> <span class='ocrx_word' id='word_1_19' title='bbox 1790 627 2108 699; x_wconf 88' lang='lat' dir='ltr'><strong>videmus.</strong></span> <span class='ocrx_word' id='word_1_20' title='bbox 2206 625 2305 699; x_wconf 92' lang='lat' dir='ltr'><strong>Et</strong></span> <span class='ocrx_word' id='word_1_21' title='bbox 2355 652 2549 725; x_wconf 86' lang='lat' dir='ltr'><strong>quum</strong></span> 
     </span>
     <span class='ocr_line' id='line_1_4' title="bbox 339 724 2550 825; baseline 0 -22"><span class='ocrx_word' id='word_1_22' title='bbox 339 733 411 803; x_wconf 93' lang='lat' dir='ltr'><strong>in</strong></span> <span class='ocrx_word' id='word_1_23' title='bbox 473 730 699 803; x_wconf 88' lang='lat' dir='ltr'><strong>codice</strong></span> <span class='ocrx_word' id='word_1_24' title='bbox 767 726 1201 825; x_wconf 83' lang='lat' dir='ltr'><strong>Gottingensi</strong></span> <span class='ocrx_word' id='word_1_25' title='bbox 1264 724 1358 823; x_wconf 78' lang='grc' dir='ltr'><strong>λή</strong></span> <span class='ocrx_word' id='word_1_26' title='bbox 1417 753 1563 800; x_wconf 89' lang='lat' dir='ltr'><strong>esse</strong></span> <span class='ocrx_word' id='word_1_27' title='bbox 1630 727 1923 819; x_wconf 85' lang='lat' dir='ltr'><strong>dicatur,</strong></span> <span class='ocrx_word' id='word_1_28' title='bbox 2003 728 2383 821; x_wconf 84' lang='lat' dir='ltr'><strong>facillimum</strong></span> <span class='ocrx_word' id='word_1_29' title='bbox 2449 737 2550 803; x_wconf 82' lang='lat' dir='ltr'><strong>est</strong></span> 
     </span>
     <span class='ocr_line' id='line_1_5' title="bbox 339 825 2551 927; baseline -0.001 -22"><span class='ocrx_word' id='word_1_30' title='bbox 339 832 540 905; x_wconf 80' lang='lat' dir='ltr'><strong>scribi</strong></span> <span class='ocrx_word' id='word_1_31' title='bbox 588 825 701 925; x_wconf 86' lang='grc' dir='ltr'><strong>κή.</strong></span> <span class='ocrx_word' id='word_1_32' title='bbox 806 828 1056 903; x_wconf 86' lang='lat' dir='ltr'><strong>Incidit</strong></span> <span class='ocrx_word' id='word_1_33' title='bbox 1105 830 1275 901; x_wconf 91' lang='lat' dir='ltr'><strong>enim</strong></span> <span class='ocrx_word' id='word_1_34' title='bbox 1324 829 1601 925; x_wconf 84' lang='lat' dir='ltr'><strong>Pythias</strong></span> <span class='ocrx_word' id='word_1_35' title='bbox 1650 829 2020 901; x_wconf 86' lang='lat' dir='ltr'><strong>XXVIII.</strong></span> <span class='ocrx_word' id='word_1_36' title='bbox 2083 830 2153 901; x_wconf 92' lang='lat' dir='ltr'><strong>in</strong></span> <span class='ocrx_word' id='word_1_37' title='bbox 2203 827 2551 927; x_wconf 82' lang='lat' dir='ltr'><strong>Olympia-</strong></span> 
     </span>
     <span class='ocr_line' id='line_1_6' title="bbox 341 929 2598 1028; baseline 0 -23"><span class='ocrx_word' id='word_1_38' title='bbox 341 933 441 1005; x_wconf 88' lang='lat' dir='ltr'><strong>dis</strong></span> <span class='ocrx_word' id='word_1_39' title='bbox 503 931 827 1003; x_wconf 89' lang='lat' dir='ltr'><strong>LXXV.</strong></span> <span class='ocrx_word' id='word_1_40' title='bbox 904 955 1140 1003; x_wconf 89' lang='lat' dir='ltr'><strong>annum</strong></span> <span class='ocrx_word' id='word_1_41' title='bbox 1216 933 1521 1023; x_wconf 88' lang='lat' dir='ltr'><strong>tertium,</strong></span> <span class='ocrx_word' id='word_1_42' title='bbox 1610 932 1795 1003; x_wconf 90' lang='lat' dir='ltr'><strong>euius</strong></span> <span class='ocrx_word' id='word_1_43' title='bbox 1861 929 2274 1027; x_wconf 82' lang='lat' dir='ltr'><strong>Olympiadis</strong></span> <span class='ocrx_word' id='word_1_44' title='bbox 2338 932 2598 1028; x_wconf 87' lang='lat' dir='ltr'><strong>primo5</strong></span> 
     </span>
     <span class='ocr_line' id='line_1_7' title="bbox 338 1029 2553 1131; baseline -0.001 -25"><span class='ocrx_word' id='word_1_45' title='bbox 338 1051 509 1106; x_wconf 89' lang='lat' dir='ltr'><strong>anno</strong></span> <span class='ocrx_word' id='word_1_46' title='bbox 560 1032 919 1131; x_wconf 79' lang='lat' dir='ltr'><strong>pugnatum</strong></span> <span class='ocrx_word' id='word_1_47' title='bbox 986 1033 1068 1104; x_wconf 88' lang='lat' dir='ltr'><strong>ad</strong></span> <span class='ocrx_word' id='word_1_48' title='bbox 1118 1029 1525 1105; x_wconf 82' lang='lat' dir='ltr'><strong>Salaminem</strong></span> <span class='ocrx_word' id='word_1_49' title='bbox 1589 1039 1757 1104; x_wconf 89' lang='lat' dir='ltr'><strong>erat.</strong></span> <span class='ocrx_word' id='word_1_50' title='bbox 1872 1031 2195 1104; x_wconf 82' lang='lat' dir='ltr'><strong>Liberata</strong></span> <span class='ocrx_word' id='word_1_51' title='bbox 2257 1034 2464 1130; x_wconf 89' lang='lat' dir='ltr'><strong>igitur</strong></span> <span class='ocrx_word' id='word_1_52' title='bbox 2513 1057 2553 1104; x_wconf 91' lang='lat' dir='ltr'><strong>a</strong></span> 
     </span>
     <span class='ocr_line' id='line_1_8' title="bbox 325 1129 2551 1231; baseline -0 -24"><span class='ocrx_word' id='word_1_53' title='bbox 325 1129 633 1207; x_wconf 62' lang='lat' dir='ltr'><strong>&#39;barbaris</strong></span> <span class='ocrx_word' id='word_1_54' title='bbox 685 1160 881 1231; x_wconf 85' lang='lat' dir='ltr'><strong>quum</strong></span> <span class='ocrx_word' id='word_1_55' title='bbox 932 1134 1107 1206; x_wconf 91' lang='lat' dir='ltr'><strong>omni</strong></span> <span class='ocrx_word' id='word_1_56' title='bbox 1159 1132 1449 1208; x_wconf 83' lang='lat' dir='ltr'><strong>Graecia</strong></span> <span class='ocrx_word' id='word_1_57' title='bbox 1499 1142 1644 1205; x_wconf 86' lang='lat' dir='ltr'><strong>tum</strong></span> <span class='ocrx_word' id='word_1_58' title='bbox 1688 1132 2024 1206; x_wconf 87' lang='lat' dir='ltr'><strong>Salamine</strong></span> <span class='ocrx_word' id='word_1_59' title='bbox 2089 1134 2245 1230; x_wconf 85' lang='lat' dir='ltr'><strong>quid</strong></span> <span class='ocrx_word' id='word_1_60' title='bbox 2295 1136 2551 1227; x_wconf 89' lang='lat' dir='ltr'><strong>mirum,</strong></span> 
     </span>
     <span class='ocr_line' id='line_1_9' title="bbox 340 1233 2559 1333; baseline -0.001 -23"><span class='ocrx_word' id='word_1_61' title='bbox 340 1239 400 1310; x_wconf 88' lang='lat' dir='ltr'><strong>si</strong></span> <span class='ocrx_word' id='word_1_62' title='bbox 452 1247 638 1333; x_wconf 89' lang='lat' dir='ltr'><strong>optat</strong></span> <span class='ocrx_word' id='word_1_63' title='bbox 686 1238 756 1308; x_wconf 90' lang='lat' dir='ltr'><strong>in</strong></span> <span class='ocrx_word' id='word_1_64' title='bbox 806 1237 937 1307; x_wconf 84' lang='lat' dir='ltr'><strong>fine</strong></span> <span class='ocrx_word' id='word_1_65' title='bbox 990 1237 1296 1308; x_wconf 86' lang='lat' dir='ltr'><strong>carminis</strong></span> <span class='ocrx_word' id='word_1_66' title='bbox 1345 1234 1715 1325; x_wconf 82' lang='lat' dir='ltr'><strong>Pindarus,</strong></span> <span class='ocrx_word' id='word_1_67' title='bbox 1752 1304 1754 1306; x_wconf 74' lang='grc'>,</span> <span class='ocrx_word' id='word_1_68' title='bbox 1785 1236 1906 1307; x_wconf 89' lang='lat' dir='ltr'><strong>illa</strong></span> <span class='ocrx_word' id='word_1_69' title='bbox 1954 1243 2028 1307; x_wconf 92' lang='lat' dir='ltr'><strong>ut</strong></span> <span class='ocrx_word' id='word_1_70' title='bbox 2075 1233 2346 1308; x_wconf 88' lang='lat' dir='ltr'><strong>libertas</strong></span> <span class='ocrx_word' id='word_1_71' title='bbox 2395 1261 2559 1332; x_wconf 88' lang='lat' dir='ltr'><strong>per-</strong></span> 
     </span>
     <span class='ocr_line' id='line_1_10' title="bbox 255 1332 2557 1435; baseline -0.001 -25"><span class='ocrx_word' id='word_1_72' title='bbox 255 1381 264 1386; x_wconf 62' lang='lat'>=</span> <span class='ocrx_word' id='word_1_73' title='bbox 337 1332 652 1411; x_wconf 74' lang='lat' dir='ltr'><strong>maneat?</strong></span> <span class='ocrx_word' id='word_1_74' title='bbox 749 1337 921 1409; x_wconf 87' lang='lat' dir='ltr'><strong>Nam</strong></span> <span class='ocrx_word' id='word_1_75' title='bbox 972 1338 1032 1408; x_wconf 90' lang='lat' dir='ltr'><strong>si</strong></span> <span class='ocrx_word' id='word_1_76' title='bbox 1080 1337 1310 1433; x_wconf 87' lang='lat' dir='ltr'><strong>paucis</strong></span> <span class='ocrx_word' id='word_1_77' title='bbox 1361 1336 1911 1433; x_wconf 82' lang='lat' dir='ltr'><strong>comprehendere</strong></span> <span class='ocrx_word' id='word_1_78' title='bbox 1964 1338 2299 1429; x_wconf 84' lang='lat' dir='ltr'><strong>volumus,</strong></span> <span class='ocrx_word' id='word_1_79' title='bbox 2353 1362 2557 1435; x_wconf 89' lang='lat' dir='ltr'><strong>argu-</strong></span> 
     </span>
     <span class='ocr_line' id='line_1_11' title="bbox 338 1439 2587 1538; baseline 0 -27"><span class='ocrx_word' id='word_1_80' title='bbox 338 1448 623 1511; x_wconf 85' lang='lat' dir='ltr'><strong>mentum</strong></span> <span class='ocrx_word' id='word_1_81' title='bbox 689 1439 996 1510; x_wconf 88' lang='lat' dir='ltr'><strong>carminis</strong></span> <span class='ocrx_word' id='word_1_82' title='bbox 1060 1439 1191 1511; x_wconf 85' lang='lat' dir='ltr'><strong>hoe</strong></span> <span class='ocrx_word' id='word_1_83' title='bbox 1252 1447 1379 1511; x_wconf 88' lang='lat' dir='ltr'><strong>est.</strong></span> <span class='ocrx_word' id='word_1_84' title='bbox 1503 1439 1793 1513; x_wconf 71' lang='lat' dir='ltr'><strong>Civitas</strong></span> <span class='ocrx_word' id='word_1_85' title='bbox 1857 1440 1943 1511; x_wconf 89' lang='lat' dir='ltr'><strong>in</strong></span> <span class='ocrx_word' id='word_1_86' title='bbox 1997 1452 2293 1538; x_wconf 78' lang='lat' dir='ltr'><strong>pacato</strong></span> <span class='ocrx_word' id='word_1_87' title='bbox 2343 1450 2587 1512; x_wconf 71' lang='lat' dir='ltr'><strong>etatu-</strong></span> 
     </span>
     <span class='ocr_line' id='line_1_12' title="bbox 343 1538 2556 1639; baseline -0 -26"><span class='ocrx_word' id='word_1_88' title='bbox 343 1538 619 1616; x_wconf 81' lang='lat' dir='ltr'><strong>belliea</strong></span> <span class='ocrx_word' id='word_1_89' title='bbox 679 1542 966 1612; x_wconf 79' lang='lat' dir='ltr'><strong>virtute</strong></span> <span class='ocrx_word' id='word_1_90' title='bbox 1016 1550 1257 1639; x_wconf 78' lang='lat' dir='ltr'><strong>parto</strong></span> <span class='ocrx_word' id='word_1_91' title='bbox 1299 1541 1549 1639; x_wconf 84' lang='lat' dir='ltr'><strong>floret</strong></span> <span class='ocrx_word' id='word_1_92' title='bbox 1610 1538 1941 1613; x_wconf 71' lang='lat' dir='ltr'><strong>honestis</strong></span> <span class='ocrx_word' id='word_1_93' title='bbox 2003 1538 2302 1615; x_wconf 62' lang='lat' dir='ltr'><strong>studiis.</strong></span> <span class='ocrx_word' id='word_1_94' title='bbox 2403 1541 2556 1613; x_wconf 59' lang='lat' dir='ltr'><strong>His</strong></span> 
     </span>
     <span class='ocr_line' id='line_1_13' title="bbox 340 1640 2557 1743; baseline -0 -27"><span class='ocrx_word' id='word_1_95' title='bbox 340 1656 451 1732; x_wconf 82' lang='lat' dir='ltr'><strong>tu,</strong></span> <span class='ocrx_word' id='word_1_96' title='bbox 495 1640 1041 1730; x_wconf 74' lang='lat' dir='ltr'><strong>Aristomenes,</strong></span> <span class='ocrx_word' id='word_1_97' title='bbox 1086 1665 1258 1714; x_wconf 88' lang='lat' dir='ltr'><strong>eam</strong></span> <span class='ocrx_word' id='word_1_98' title='bbox 1283 1666 1547 1730; x_wconf 70' lang='lat' dir='ltr'><strong>ornae,</strong></span> <span class='ocrx_word' id='word_1_99' title='bbox 1581 1643 1948 1742; x_wconf 66' lang='lat' dir='ltr'><strong>eoeempla</strong></span> <span class='ocrx_word' id='word_1_100' title='bbox 1975 1654 2345 1743; x_wconf 70' lang='lat' dir='ltr'><strong>sequutus</strong></span> <span class='ocrx_word' id='word_1_101' title='bbox 2363 1665 2557 1741; x_wconf 79' lang='lat' dir='ltr'><strong>gen-</strong></span> 
     </span>
     <span class='ocr_line' id='line_1_14' title="bbox 340 1740 2558 1844; baseline -0 -27"><span class='ocrx_word' id='word_1_102' title='bbox 340 1746 616 1834; x_wconf 80' lang='lat' dir='ltr'><strong>tilium,</strong></span> <span class='ocrx_word' id='word_1_103' title='bbox 668 1766 1157 1844; x_wconf 76' lang='lat' dir='ltr'><strong>servansque,</strong></span> <span class='ocrx_word' id='word_1_104' title='bbox 1210 1753 1303 1814; x_wconf 83' lang='lat' dir='ltr'><strong>ut</strong></span> <span class='ocrx_word' id='word_1_105' title='bbox 1336 1740 1712 1815; x_wconf 76' lang='lat' dir='ltr'><strong>Alcmaeo</strong></span> <span class='ocrx_word' id='word_1_106' title='bbox 1742 1745 1896 1832; x_wconf 86' lang='lat' dir='ltr'><strong>ille,</strong></span> <span class='ocrx_word' id='word_1_107' title='bbox 1942 1767 2406 1842; x_wconf 76' lang='lat' dir='ltr'><strong>generosam</strong></span> <span class='ocrx_word' id='word_1_108' title='bbox 2442 1744 2558 1816; x_wconf 81' lang='lat' dir='ltr'><strong>in-</strong></span> 
     </span>
     <span class='ocr_line' id='line_1_15' title="bbox 341 1835 2560 1945; baseline -0.001 -27"><span class='ocrx_word' id='word_1_109' title='bbox 341 1845 588 1918; x_wconf 83' lang='lat' dir='ltr'><strong>dolem</strong></span> <span class='ocrx_word' id='word_1_110' title='bbox 663 1846 1069 1917; x_wconf 86' lang='lat' dir='ltr'><strong>maiorum.</strong></span> <span class='ocrx_word' id='word_1_111' title='bbox 1197 1844 1481 1945; x_wconf 80' lang='lat' dir='ltr'><strong>Itaque</strong></span> <span class='ocrx_word' id='word_1_112' title='bbox 1562 1835 1991 1917; x_wconf 75' lang='lat' dir='ltr'><strong>secundent</strong></span> <span class='ocrx_word' id='word_1_113' title='bbox 2051 1843 2168 1916; x_wconf 72' lang='lat' dir='ltr'><strong>obii</strong></span> <span class='ocrx_word' id='word_1_114' title='bbox 2176 1869 2202 1916; x_wconf 92' lang='lat'><strong>.·</strong></span> <span class='ocrx_word' id='word_1_115' title='bbox 2255 1843 2560 1917; x_wconf 65' lang='lat' dir='ltr'><strong>horum</strong></span> 
     </span>
     <span class='ocr_line' id='line_1_16' title="bbox 341 1943 2560 2047; baseline -0 -27"><span class='ocrx_word' id='word_1_116' title='bbox 341 1948 546 2021; x_wconf 87' lang='lat' dir='ltr'><strong>enim</strong></span> <span class='ocrx_word' id='word_1_117' title='bbox 594 1944 735 2017; x_wconf 77' lang='lat' dir='ltr'><strong>hoe</strong></span> <span class='ocrx_word' id='word_1_118' title='bbox 783 1943 1069 2017; x_wconf 81' lang='lat' dir='ltr'><strong>donum</strong></span> <span class='ocrx_word' id='word_1_119' title='bbox 1122 1956 1256 2020; x_wconf 74' lang='lat' dir='ltr'><strong>eet.</strong></span> <span class='ocrx_word' id='word_1_120' title='bbox 1357 1945 1619 2046; x_wconf 75' lang='lat' dir='ltr'><strong>Saepe</strong></span> <span class='ocrx_word' id='word_1_121' title='bbox 1680 1956 1767 2018; x_wconf 82' lang='lat' dir='ltr'><strong>tu</strong></span> <span class='ocrx_word' id='word_1_122' title='bbox 1810 1953 1911 2018; x_wconf 72' lang='lat' dir='ltr'><strong>‘et</strong></span> <span class='ocrx_word' id='word_1_123' title='bbox 1954 1944 2560 2047; x_wconf 70' lang='lat' dir='ltr'><strong>splendidissime</strong></span> 
     </span>
     <span class='ocr_line' id='line_1_17' title="bbox 341 2045 2557 2147; baseline -0 -26"><span class='ocrx_word' id='word_1_124' title='bbox 341 2047 613 2138; x_wconf 67' lang='lat' dir='ltr'><strong>vicisti,</strong></span> <span class='ocrx_word' id='word_1_125' title='bbox 663 2070 1088 2147; x_wconf 73' lang='lat' dir='ltr'><strong>sperasque</strong></span> <span class='ocrx_word' id='word_1_126' title='bbox 1118 2050 1426 2121; x_wconf 80' lang='lat' dir='ltr'><strong>maiora</strong></span> <span class='ocrx_word' id='word_1_127' title='bbox 1445 2072 1471 2118; x_wconf 90' lang='lat'><strong>.·</strong></span> <span class='ocrx_word' id='word_1_128' title='bbox 1523 2045 1670 2119; x_wconf 76' lang='lat' dir='ltr'><strong>sed</strong></span> <span class='ocrx_word' id='word_1_129' title='bbox 1710 2048 1999 2120; x_wconf 70' lang='lat' dir='ltr'><strong>erescit</strong></span> <span class='ocrx_word' id='word_1_130' title='bbox 2021 2050 2172 2120; x_wconf 80' lang='lat' dir='ltr'><strong>eito</strong></span> <span class='ocrx_word' id='word_1_131' title='bbox 2186 2046 2557 2145; x_wconf 71' lang='lat' dir='ltr'><strong>fortuna,</strong></span> 
     </span>
     <span class='ocr_line' id='line_1_18' title="bbox 342 2144 2558 2250; baseline -0 -28"><span class='ocrx_word' id='word_1_132' title='bbox 342 2158 842 2250; x_wconf 77' lang='lat' dir='ltr'><strong>mutaturque</strong></span> <span class='ocrx_word' id='word_1_133' title='bbox 891 2150 1066 2220; x_wconf 81' lang='lat' dir='ltr'><strong>cite.</strong></span> <span class='ocrx_word' id='word_1_134' title='bbox 1178 2148 1383 2222; x_wconf 87' lang='lat' dir='ltr'><strong>Nam</strong></span> <span class='ocrx_word' id='word_1_135' title='bbox 1412 2144 1736 2221; x_wconf 83' lang='lat' dir='ltr'><strong>umbrae</strong></span> <span class='ocrx_word' id='word_1_136' title='bbox 1775 2150 2029 2221; x_wconf 75' lang='lat' dir='ltr'><strong>instar</strong></span> <span class='ocrx_word' id='word_1_137' title='bbox 2066 2173 2328 2221; x_wconf 71' lang='lat' dir='ltr'><strong>sumus</strong></span> <span class='ocrx_word' id='word_1_138' title='bbox 2360 2174 2558 2221; x_wconf 84' lang='lat' dir='ltr'><strong>mor-</strong></span> 
     </span>
     <span class='ocr_line' id='line_1_19' title="bbox 344 2246 2560 2352; baseline -0 -29"><span class='ocrx_word' id='word_1_139' title='bbox 344 2253 537 2325; x_wconf 76' lang='lat' dir='ltr'><strong>tales</strong></span> <span class='ocrx_word' id='word_1_140' title='bbox 550 2303 575 2340; x_wconf 94' lang='lat'><strong>,</strong></span> <span class='ocrx_word' id='word_1_141' title='bbox 646 2261 723 2322; x_wconf 81' lang='lat' dir='ltr'><strong>et</strong></span> <span class='ocrx_word' id='word_1_142' title='bbox 771 2247 991 2321; x_wconf 81' lang='lat' dir='ltr'><strong>modo</strong></span> <span class='ocrx_word' id='word_1_143' title='bbox 1034 2250 1115 2338; x_wconf 60' lang='lat' dir='ltr'><strong>§i</strong></span> <span class='ocrx_word' id='word_1_144' title='bbox 1147 2248 1350 2322; x_wconf 71' lang='lat' dir='ltr'><strong>deus</strong></span> <span class='ocrx_word' id='word_1_145' title='bbox 1391 2251 1787 2347; x_wconf 71' lang='lat' dir='ltr'><strong>propitius</strong></span> <span class='ocrx_word' id='word_1_146' title='bbox 1837 2260 1956 2322; x_wconf 72' lang='lat' dir='ltr'><strong>eet</strong></span> <span class='ocrx_word' id='word_1_147' title='bbox 1996 2246 2358 2323; x_wconf 72' lang='lat' dir='ltr'><strong>habemus</strong></span> <span class='ocrx_word' id='word_1_148' title='bbox 2409 2273 2560 2352; x_wconf 78' lang='lat' dir='ltr'><strong>quo</strong></span> 
     </span>
     <span class='ocr_line' id='line_1_20' title="bbox 338 2346 2562 2452; baseline 0 -28"><span class='ocrx_word' id='word_1_149' title='bbox 338 2350 856 2452; x_wconf 71' lang='lat' dir='ltr'><strong>gaudeamus.</strong></span> <span class='ocrx_word' id='word_1_150' title='bbox 947 2346 1293 2448; x_wconf 77' lang='lat' dir='ltr'><strong>Aegina,</strong></span> <span class='ocrx_word' id='word_1_151' title='bbox 1346 2362 1431 2422; x_wconf 81' lang='lat' dir='ltr'><strong>tu</strong></span> <span class='ocrx_word' id='word_1_152' title='bbox 1484 2375 1606 2439; x_wconf 87' lang='lat' dir='ltr'><strong>ue,</strong></span> <span class='ocrx_word' id='word_1_153' title='bbox 1656 2351 2042 2447; x_wconf 73' lang='lat' dir='ltr'><strong>Iuppiter,</strong></span> <span class='ocrx_word' id='word_1_154' title='bbox 2092 2375 2394 2452; x_wconf 75' lang='lat' dir='ltr'><strong>vosque,</strong></span> <span class='ocrx_word' id='word_1_155' title='bbox 2446 2352 2562 2425; x_wconf 73' lang='lat' dir='ltr'><strong>in-</strong></span> 
     </span>
     <span class='ocr_line' id='line_1_21' title="bbox 343 2449 2571 2553; baseline -0.001 -27"><span class='ocrx_word' id='word_1_156' title='bbox 343 2452 683 2552; x_wconf 80' lang='lat' dir='ltr'><strong>digenae</strong></span> <span class='ocrx_word' id='word_1_157' title='bbox 731 2449 1020 2539; x_wconf 70' lang='lat' dir='ltr'><strong>heroes,</strong></span> <span class='ocrx_word' id='word_1_158' title='bbox 1069 2462 1373 2524; x_wconf 74' lang='lat' dir='ltr'><strong>servate</strong></span> <span class='ocrx_word' id='word_1_159' title='bbox 1448 2476 1631 2524; x_wconf 71' lang='lat' dir='ltr'><strong>tane</strong></span> <span class='ocrx_word' id='word_1_160' title='bbox 1681 2453 2066 2536; x_wconf 69' lang='lat' dir='ltr'><strong>civitatem</strong></span> <span class='ocrx_word' id='word_1_161' title='bbox 2114 2453 2199 2524; x_wconf 90' lang='lat' dir='ltr'><strong>in</strong></span> <span class='ocrx_word' id='word_1_162' title='bbox 2250 2475 2401 2553; x_wconf 83' lang='lat' dir='ltr'><strong>quo</strong></span> <span class='ocrx_word' id='word_1_163' title='bbox 2451 2460 2571 2525; x_wconf 73' lang='lat' dir='ltr'><strong>est</strong></span> 
     </span>
     <span class='ocr_line' id='line_1_22' title="bbox 344 2550 2562 2648; baseline -0.001 -22"><span class='ocrx_word' id='word_1_164' title='bbox 344 2556 587 2627; x_wconf 77' lang='lat' dir='ltr'><strong>libe-re</strong></span> <span class='ocrx_word' id='word_1_165' title='bbox 651 2562 885 2625; x_wconf 73' lang='lat' dir='ltr'><strong>statu.</strong></span> <span class='ocrx_word' id='word_1_166' title='bbox 1001 2550 1146 2630; x_wconf 89' lang='lat' dir='ltr'><strong>Iam</strong></span> <span class='ocrx_word' id='word_1_167' title='bbox 1209 2552 1532 2648; x_wconf 83' lang='lat' dir='ltr'><strong>explicari</strong></span> <span class='ocrx_word' id='word_1_168' title='bbox 1597 2553 1882 2648; x_wconf 89' lang='lat' dir='ltr'><strong>poterit,</strong></span> <span class='ocrx_word' id='word_1_169' title='bbox 1950 2553 2125 2648; x_wconf 85' lang='lat' dir='ltr'><strong>quod</strong></span> <span class='ocrx_word' id='word_1_170' title='bbox 2189 2553 2383 2624; x_wconf 88' lang='lat' dir='ltr'><strong>aliter</strong></span> <span class='ocrx_word' id='word_1_171' title='bbox 2446 2553 2562 2624; x_wconf 80' lang='lat' dir='ltr'><strong>vix</strong></span> 
     </span>
     <span class='ocr_line' id='line_1_23' title="bbox 345 2650 2561 2752; baseline -0.001 -25"><span class='ocrx_word' id='word_1_172' title='bbox 345 2663 502 2752; x_wconf 86' lang='lat' dir='ltr'><strong>apte</strong></span> <span class='ocrx_word' id='word_1_173' title='bbox 554 2654 799 2726; x_wconf 87' lang='lat' dir='ltr'><strong>dietum</strong></span> <span class='ocrx_word' id='word_1_174' title='bbox 848 2659 1049 2743; x_wconf 86' lang='lat' dir='ltr'><strong>esset,</strong></span> <span class='ocrx_word' id='word_1_175' title='bbox 1100 2653 1263 2724; x_wconf 89' lang='lat' dir='ltr'><strong>illud</strong></span> <span class='ocrx_word' id='word_1_176' title='bbox 1311 2653 1390 2724; x_wconf 89' lang='lat' dir='ltr'><strong>de</strong></span> <span class='ocrx_word' id='word_1_177' title='bbox 1423 2652 1915 2748; x_wconf 70' lang='lat' dir='ltr'><strong>Porphyrionez</strong></span> <span class='ocrx_word' id='word_1_178' title='bbox 1967 2650 2223 2747; x_wconf 77' lang='grc' dir='ltr'><em>κέρδος</em></span> <span class='ocrx_word' id='word_1_179' title='bbox 2265 2650 2346 2727; x_wconf 77' lang='grc' dir='ltr'><strong>δὲ</strong></span> <span class='ocrx_word' id='word_1_180' title='bbox 2393 2651 2561 2750; x_wconf 79' lang='grc' dir='ltr'><em>φίλ-</em></span> 
     </span>
     <span class='ocr_line' id='line_1_24' title="bbox 344 2749 2563 2851; baseline -0.002 -21"><span class='ocrx_word' id='word_1_181' title='bbox 344 2780 600 2844; x_wconf 79' lang='grc' dir='ltr'><strong><em>τατον,</em></strong></span> <span class='ocrx_word' id='word_1_182' title='bbox 652 2750 944 2835; x_wconf 78' lang='grc' dir='ltr'><strong><em>ἑκόντος</em></strong></span> <span class='ocrx_word' id='word_1_183' title='bbox 991 2757 1060 2826; x_wconf 80' lang='grc' dir='ltr'><strong>εἴ</strong></span> <span class='ocrx_word' id='word_1_184' title='bbox 1102 2749 1230 2837; x_wconf 79' lang='grc' dir='ltr'><strong>τις’</strong></span> <span class='ocrx_word' id='word_1_185' title='bbox 1260 2755 1340 2827; x_wconf 78' lang='grc' dir='ltr'><strong>ἐκ</strong></span> <span class='ocrx_word' id='word_1_186' title='bbox 1388 2749 1651 2847; x_wconf 77' lang='grc' dir='ltr'><em>δόμων</em></span> <span class='ocrx_word' id='word_1_187' title='bbox 1684 2752 1914 2851; x_wconf 77' lang='grc' dir='ltr'><em>φέροι.</em></span> <span class='ocrx_word' id='word_1_188' title='bbox 2016 2754 2228 2827; x_wconf 89' lang='lat' dir='ltr'><strong>Recte</strong></span> <span class='ocrx_word' id='word_1_189' title='bbox 2269 2754 2563 2841; x_wconf 83' lang='lat' dir='ltr'><strong>animad-</strong></span> 
     </span>
     <span class='ocr_line' id='line_1_25' title="bbox 351 2855 2563 2953; baseline -0.001 -23"><span class='ocrx_word' id='word_1_190' title='bbox 351 2858 547 2930; x_wconf 83' lang='lat' dir='ltr'><strong>vertit</strong></span> <span class='ocrx_word' id='word_1_191' title='bbox 595 2856 1017 2946; x_wconf 87' lang='lat' dir='ltr'><strong>Boeckhins,</strong></span> <span class='ocrx_word' id='word_1_192' title='bbox 1096 2857 1324 2952; x_wconf 87' lang='lat' dir='ltr'><strong>inepta</strong></span> <span class='ocrx_word' id='word_1_193' title='bbox 1369 2857 1536 2928; x_wconf 86' lang='lat' dir='ltr'><strong>haee</strong></span> <span class='ocrx_word' id='word_1_194' title='bbox 1586 2879 1761 2947; x_wconf 88' lang='lat' dir='ltr'><strong>esse,</strong></span> <span class='ocrx_word' id='word_1_195' title='bbox 1815 2858 1874 2927; x_wconf 90' lang='lat' dir='ltr'><strong>si</strong></span> <span class='ocrx_word' id='word_1_196' title='bbox 1925 2855 2005 2927; x_wconf 89' lang='lat' dir='ltr'><strong>de</strong></span> <span class='ocrx_word' id='word_1_197' title='bbox 2057 2856 2202 2928; x_wconf 92' lang='lat' dir='ltr'><strong>solo</strong></span> <span class='ocrx_word' id='word_1_198' title='bbox 2252 2855 2563 2953; x_wconf 88' lang='lat' dir='ltr'><strong>Porphy-</strong></span> 
     </span>
     <span class='ocr_line' id='line_1_26' title="bbox 347 2956 2562 3054; baseline -0.002 -22"><span class='ocrx_word' id='word_1_199' title='bbox 347 2961 562 3050; x_wconf 90' lang='lat' dir='ltr'><strong>rione,</strong></span> <span class='ocrx_word' id='word_1_200' title='bbox 615 2958 728 3054; x_wconf 85' lang='lat' dir='ltr'><strong>qni</strong></span> <span class='ocrx_word' id='word_1_201' title='bbox 781 2959 976 3028; x_wconf 87' lang='lat' dir='ltr'><strong>boves</strong></span> <span class='ocrx_word' id='word_1_202' title='bbox 1015 2957 1327 3031; x_wconf 83' lang='lat' dir='ltr'><strong>Herculis</strong></span> <span class='ocrx_word' id='word_1_203' title='bbox 1379 2958 1701 3053; x_wconf 78' lang='lat' dir='ltr'><strong>abegerit,</strong></span> <span class='ocrx_word' id='word_1_204' title='bbox 1754 2956 2182 3052; x_wconf 86' lang='lat' dir='ltr'><strong>accipiantur,</strong></span> <span class='ocrx_word' id='word_1_205' title='bbox 2235 2958 2351 3029; x_wconf 88' lang='lat' dir='ltr'><strong>sed</strong></span> <span class='ocrx_word' id='word_1_206' title='bbox 2404 2981 2562 3054; x_wconf 90' lang='lat' dir='ltr'><strong>spe-</strong></span> 
     </span>
     <span class='ocr_line' id='line_1_27' title="bbox 352 3057 2563 3154; baseline -0.001 -21"><span class='ocrx_word' id='word_1_207' title='bbox 352 3068 530 3133; x_wconf 90' lang='lat' dir='ltr'><strong>ctare</strong></span> <span class='ocrx_word' id='word_1_208' title='bbox 583 3060 666 3130; x_wconf 90' lang='lat' dir='ltr'><strong>ad</strong></span> <span class='ocrx_word' id='word_1_209' title='bbox 713 3057 1104 3153; x_wconf 85' lang='lat' dir='ltr'><strong>Aeginetas.</strong></span> <span class='ocrx_word' id='word_1_210' title='bbox 1192 3057 1459 3130; x_wconf 76' lang='lat' dir='ltr'><strong>³Verum</strong></span> <span class='ocrx_word' id='word_1_211' title='bbox 1526 3058 1701 3153; x_wconf 86' lang='lat' dir='ltr'><strong>quod</strong></span> <span class='ocrx_word' id='word_1_212' title='bbox 1761 3058 1907 3154; x_wconf 91' lang='lat' dir='ltr'><strong>ipse</strong></span> <span class='ocrx_word' id='word_1_213' title='bbox 1968 3059 2201 3136; x_wconf 84' lang='lat' dir='ltr'><strong>scribit</strong></span> <span class='ocrx_word' id='word_1_214' title='bbox 2262 3083 2334 3153; x_wconf 84' lang='lat' dir='ltr'><strong>p.</strong></span> <span class='ocrx_word' id='word_1_215' title='bbox 2387 3062 2563 3133; x_wconf 86' lang='lat'><strong>310.</strong></span> 
     </span>
     <span class='ocr_line' id='line_1_28' title="bbox 352 3159 2564 3259; baseline -0.001 -26"><span class='ocrx_word' id='word_1_216' title='bbox 352 3163 523 3259; x_wconf 78' lang='lat' dir='ltr'><strong>„qui</strong></span> <span class='ocrx_word' id='word_1_217' title='bbox 570 3160 983 3233; x_wconf 85' lang='lat' dir='ltr'><strong>lacessiverit</strong></span> <span class='ocrx_word' id='word_1_218' title='bbox 1032 3160 1501 3250; x_wconf 89' lang='lat' dir='ltr'><strong>adversarium,</strong></span> <span class='ocrx_word' id='word_1_219' title='bbox 1555 3160 1668 3254; x_wconf 86' lang='lat' dir='ltr'><strong>qui</strong></span> <span class='ocrx_word' id='word_1_220' title='bbox 1719 3167 1952 3255; x_wconf 89' lang='lat' dir='ltr'><strong>sponte</strong></span> <span class='ocrx_word' id='word_1_221' title='bbox 2006 3159 2367 3231; x_wconf 84' lang='lat' dir='ltr'><strong>discordias</strong></span> <span class='ocrx_word' id='word_1_222' title='bbox 2417 3184 2564 3230; x_wconf 89' lang='lat' dir='ltr'><strong>mo-</strong></span> 
     </span>
     <span class='ocr_line' id='line_1_29' title="bbox 358 3256 2564 3354; baseline -0.002 -18"><span class='ocrx_word' id='word_1_223' title='bbox 358 3264 561 3354; x_wconf 86' lang='lat' dir='ltr'><strong>verit,</strong></span> <span class='ocrx_word' id='word_1_224' title='bbox 629 3263 688 3334; x_wconf 92' lang='lat' dir='ltr'><strong>is</strong></span> <span class='ocrx_word' id='word_1_225' title='bbox 753 3261 865 3332; x_wconf 92' lang='lat' dir='ltr'><strong>ubi</strong></span> <span class='ocrx_word' id='word_1_226' title='bbox 928 3261 1141 3333; x_wconf 83' lang='lat' dir='ltr'><strong>victus</strong></span> <span class='ocrx_word' id='word_1_227' title='bbox 1190 3260 1428 3351; x_wconf 88' lang='lat' dir='ltr'><strong>fuerit,</strong></span> <span class='ocrx_word' id='word_1_228' title='bbox 1502 3259 1952 3348; x_wconf 76' lang='grc' dir='ltr'><strong><em>ἐπίσπαστον</em></strong></span> <span class='ocrx_word' id='word_1_229' title='bbox 1999 3256 2268 3347; x_wconf 82' lang='grc' dir='ltr'><strong><em>κακόν,</em></strong></span> <span class='ocrx_word' id='word_1_230' title='bbox 2337 3268 2413 3331; x_wconf 87' lang='lat' dir='ltr'><strong>ut</strong></span> <span class='ocrx_word' id='word_1_231' title='bbox 2461 3268 2564 3331; x_wconf 89' lang='lat' dir='ltr'><strong>est</strong></span> 
     </span>
     <span class='ocr_line' id='line_1_30' title="bbox 356 3361 2645 3461; baseline -0.003 -23"><span class='ocrx_word' id='word_1_232' title='bbox 356 3364 605 3461; x_wconf 84' lang='lat' dir='ltr'><strong>Odyss.</strong></span> <span class='ocrx_word' id='word_1_233' title='bbox 658 3385 724 3436; x_wconf 89' lang='grc' dir='ltr'><strong>σ.</strong></span> <span class='ocrx_word' id='word_1_234' title='bbox 776 3366 903 3437; x_wconf 85' lang='grc'><strong>72.</strong></span> <span class='ocrx_word' id='word_1_235' title='bbox 955 3364 1083 3438; x_wconf 89' lang='lat' dir='ltr'><strong>sibi</strong></span> <span class='ocrx_word' id='word_1_236' title='bbox 1133 3361 1502 3452; x_wconf 85' lang='lat' dir='ltr'><strong>adducens,</strong></span> <span class='ocrx_word' id='word_1_237' title='bbox 1563 3364 1795 3434; x_wconf 89' lang='lat' dir='ltr'><strong>lubens</strong></span> <span class='ocrx_word' id='word_1_238' title='bbox 1847 3364 2201 3457; x_wconf 84' lang='lat' dir='ltr'><strong>volensque</strong></span> <span class='ocrx_word' id='word_1_239' title='bbox 2248 3362 2567 3445; x_wconf 85' lang='lat' dir='ltr'><strong>adversa·-</strong></span> <span class='ocrx_word' id='word_1_240' title='bbox 2615 3433 2645 3454; x_wconf 49' lang='lat'><strong>.-</strong></span> 
     </span>
     <span class='ocr_line' id='line_1_31' title="bbox 354 3462 2565 3561; baseline -0.003 -22"><span class='ocrx_word' id='word_1_241' title='bbox 354 3468 457 3538; x_wconf 86' lang='lat' dir='ltr'><strong>rio</strong></span> <span class='ocrx_word' id='word_1_242' title='bbox 515 3465 852 3538; x_wconf 85' lang='lat' dir='ltr'><strong>victoriam</strong></span> <span class='ocrx_word' id='word_1_243' title='bbox 914 3464 1225 3554; x_wconf 86' lang='lat' dir='ltr'><strong>tradidit,</strong></span> <span class='ocrx_word' id='word_1_244' title='bbox 1297 3471 1371 3535; x_wconf 90' lang='lat' dir='ltr'><strong>ut</strong></span> <span class='ocrx_word' id='word_1_245' title='bbox 1435 3463 1561 3535; x_wconf 86' lang='lat' dir='ltr'><strong>diis</strong></span> <span class='ocrx_word' id='word_1_246' title='bbox 1611 3462 1983 3561; x_wconf 88' lang='lat' dir='ltr'><strong>Porphyrio</strong></span> <span class='ocrx_word' id='word_1_247' title='bbox 2000 3515 2024 3553; x_wconf 92' lang='lat'><strong>,</strong></span> <span class='ocrx_word' id='word_1_248' title='bbox 2094 3472 2172 3534; x_wconf 88' lang='lat' dir='ltr'><strong>ut</strong></span> <span class='ocrx_word' id='word_1_249' title='bbox 2218 3462 2565 3559; x_wconf 82' lang='lat' dir='ltr'><strong>Aeginetis</strong></span> 
     </span>
     <span class='ocr_line' id='line_1_32' title="bbox 266 3565 2641 3663; baseline 0 -24"><span class='ocrx_word' id='word_1_250' title='bbox 266 3643 280 3652; x_wconf 57' lang='grc'>,</span> <span class='ocrx_word' id='word_1_251' title='bbox 356 3568 795 3640; x_wconf 86' lang='lat' dir='ltr'><strong>Athenienses</strong></span> <span class='ocrx_word' id='word_1_252' title='bbox 843 3566 1041 3660; x_wconf 89' lang='lat' dir='ltr'><strong>paulo</strong></span> <span class='ocrx_word' id='word_1_253' title='bbox 1094 3573 1244 3638; x_wconf 90' lang='lat' dir='ltr'><strong>ante</strong></span> <span class='ocrx_word' id='word_1_254' title='bbox 1294 3565 1665 3663; x_wconf 72' lang='lat' dir='ltr'><strong>profligatiz</strong></span> <span class='ocrx_word' id='word_1_255' title='bbox 1686 3572 1739 3612; x_wconf 83' lang='lat'>“</span> <span class='ocrx_word' id='word_1_256' title='bbox 1807 3566 1878 3636; x_wconf 85' lang='lat' dir='ltr'><strong>id</strong></span> <span class='ocrx_word' id='word_1_257' title='bbox 1927 3566 2108 3636; x_wconf 90' lang='lat' dir='ltr'><strong>nullo</strong></span> <span class='ocrx_word' id='word_1_258' title='bbox 2160 3574 2354 3660; x_wconf 88' lang='lat' dir='ltr'><strong>pacto</strong></span> <span class='ocrx_word' id='word_1_259' title='bbox 2405 3589 2567 3661; x_wconf 78' lang='lat' dir='ltr'><strong>pm-</strong></span> <span class='ocrx_word' id='word_1_260' title='bbox 2638 3636 2641 3640; x_wconf 75' lang='grc'>,</span> 
     </span>
     <span class='ocr_line' id='line_1_33' title="bbox 357 3659 2569 3766; baseline -0.002 -25"><span class='ocrx_word' id='word_1_261' title='bbox 357 3671 503 3742; x_wconf 85' lang='lat' dir='ltr'><strong>bari</strong></span> <span class='ocrx_word' id='word_1_262' title='bbox 549 3674 796 3766; x_wconf 88' lang='lat' dir='ltr'><strong>potest.</strong></span> <span class='ocrx_word' id='word_1_263' title='bbox 894 3666 1064 3739; x_wconf 89' lang='lat' dir='ltr'><strong>Nam</strong></span> <span class='ocrx_word' id='word_1_264' title='bbox 1127 3691 1316 3738; x_wconf 89' lang='lat' dir='ltr'><strong>nemo</strong></span> <span class='ocrx_word' id='word_1_265' title='bbox 1379 3667 1592 3738; x_wconf 88' lang='lat' dir='ltr'><strong>victus</strong></span> <span class='ocrx_word' id='word_1_266' title='bbox 1658 3668 1887 3738; x_wconf 88' lang='lat' dir='ltr'><strong>lubens</strong></span> <span class='ocrx_word' id='word_1_267' title='bbox 1953 3659 2307 3761; x_wconf 63' lang='lat' dir='ltr'><strong>{rolensque</strong></span> <span class='ocrx_word' id='word_1_268' title='bbox 2333 3668 2569 3747; x_wconf 8' lang='lat' dir='ltr'><strong>*victo-</strong></span> 
     </span>
     <span class='ocr_line' id='line_1_34' title="bbox 358 3768 2568 3864; baseline -0 -21"><span class='ocrx_word' id='word_1_269' title='bbox 358 3774 523 3843; x_wconf 88' lang='lat' dir='ltr'><strong>riam</strong></span> <span class='ocrx_word' id='word_1_270' title='bbox 573 3769 777 3842; x_wconf 88' lang='lat' dir='ltr'><strong>tradit</strong></span> <span class='ocrx_word' id='word_1_271' title='bbox 824 3770 1101 3860; x_wconf 85' lang='lat' dir='ltr'><strong>victori,</strong></span> <span class='ocrx_word' id='word_1_272' title='bbox 1175 3768 1291 3839; x_wconf 83' lang='lat' dir='ltr'><strong>sed</strong></span> <span class='ocrx_word' id='word_1_273' title='bbox 1342 3768 1585 3840; x_wconf 83' lang='lat' dir='ltr'><strong>invitus</strong></span> <span class='ocrx_word' id='word_1_274' title='bbox 1638 3777 2071 3863; x_wconf 73' lang='lat' dir='ltr'><strong>coactusquex</strong></span> <span class='ocrx_word' id='word_1_275' title='bbox 2139 3768 2386 3864; x_wconf 85' lang='lat' dir='ltr'><strong>alioqui</strong></span> <span class='ocrx_word' id='word_1_276' title='bbox 2434 3792 2568 3842; x_wconf 90' lang='lat' dir='ltr'><strong>non</strong></span> 
     </span>
     <span class='ocr_line' id='line_1_35' title="bbox 362 3869 2565 3970; baseline -0.002 -26"><span class='ocrx_word' id='word_1_277' title='bbox 362 3880 760 3970; x_wconf 76' lang='lat' dir='ltr'><strong>pugnasset:</strong></span> <span class='ocrx_word' id='word_1_278' title='bbox 828 3895 953 3943; x_wconf 87' lang='lat' dir='ltr'><strong>nec</strong></span> <span class='ocrx_word' id='word_1_279' title='bbox 990 3870 1352 3967; x_wconf 89' lang='lat' dir='ltr'><strong>profligati,</strong></span> <span class='ocrx_word' id='word_1_280' title='bbox 1402 3877 1478 3940; x_wconf 87' lang='lat' dir='ltr'><strong>ut</strong></span> <span class='ocrx_word' id='word_1_281' title='bbox 1519 3869 1944 3959; x_wconf 88' lang='lat' dir='ltr'><strong>ostendimus,</strong></span> <span class='ocrx_word' id='word_1_282' title='bbox 1993 3869 2432 3942; x_wconf 79' lang='lat' dir='ltr'><strong>Athenienses</strong></span> <span class='ocrx_word' id='word_1_283' title='bbox 2484 3869 2565 3939; x_wconf 85' lang='lat' dir='ltr'><strong>ab</strong></span> 
     </span>
     <span class='ocr_line' id='line_1_36' title="bbox 361 3971 2566 4070; baseline -0.002 -24"><span class='ocrx_word' id='word_1_284' title='bbox 361 3975 734 4070; x_wconf 89' lang='lat' dir='ltr'><strong>Aeginetis,</strong></span> <span class='ocrx_word' id='word_1_285' title='bbox 786 3972 905 4044; x_wconf 92' lang='lat' dir='ltr'><strong>sed</strong></span> <span class='ocrx_word' id='word_1_286' title='bbox 953 3972 1319 4068; x_wconf 87' lang='lat' dir='ltr'><strong>Aeginetae</strong></span> <span class='ocrx_word' id='word_1_287' title='bbox 1372 3972 1451 4042; x_wconf 90' lang='lat' dir='ltr'><strong>ab</strong></span> <span class='ocrx_word' id='word_1_288' title='bbox 1501 3971 2015 4043; x_wconf 87' lang='lat' dir='ltr'><strong>Atheniensibus</strong></span> <span class='ocrx_word' id='word_1_289' title='bbox 2068 3979 2290 4060; x_wconf 82' lang='lat' dir='ltr'><strong>erant3</strong></span> <span class='ocrx_word' id='word_1_290' title='bbox 2354 3992 2566 4066; x_wconf 88' lang='lat' dir='ltr'><strong>neque</strong></span> 
     </span>
    </p>
   </div>
   <div class='ocr_carea' id='block_1_3' title="bbox 231 4070 2568 4172">
    <p class='ocr_par' dir='ltr' id='par_1_3' title="bbox 231 4070 2568 4172">
     <span class='ocr_line' id='line_1_37' title="bbox 231 4070 2568 4172; baseline -0.003 -26"><span class='ocrx_word' id='word_1_291' title='bbox 231 4159 238 4160; x_wconf 10' lang='grc' dir='ltr'><em>γ</em></span> <span class='ocrx_word' id='word_1_292' title='bbox 362 4077 430 4148; x_wconf 93' lang='lat' dir='ltr'><strong>in</strong></span> <span class='ocrx_word' id='word_1_293' title='bbox 479 4075 1001 4172; x_wconf 84' lang='lat' dir='ltr'><strong>Porphyrionem</strong></span> <span class='ocrx_word' id='word_1_294' title='bbox 1066 4081 1152 4145; x_wconf 28' lang='lat' dir='ltr'><strong>etr</strong></span> <span class='ocrx_word' id='word_1_295' title='bbox 1192 4073 1457 4144; x_wconf 88' lang='lat' dir='ltr'><strong>abactos</strong></span> <span class='ocrx_word' id='word_1_296' title='bbox 1522 4072 1604 4143; x_wconf 89' lang='lat' dir='ltr'><strong>ab</strong></span> <span class='ocrx_word' id='word_1_297' title='bbox 1668 4096 1748 4145; x_wconf 92' lang='lat' dir='ltr'><strong>eo</strong></span> <span class='ocrx_word' id='word_1_298' title='bbox 1814 4072 2011 4150; x_wconf 77' lang='lat' dir='ltr'><strong>boves</strong></span> <span class='ocrx_word' id='word_1_299' title='bbox 2062 4070 2374 4145; x_wconf 88' lang='lat' dir='ltr'><strong>Herculis</strong></span> <span class='ocrx_word' id='word_1_300' title='bbox 2436 4073 2568 4142; x_wconf 86' lang='lat' dir='ltr'><strong>ista</strong></span> 
     </span>
    </p>
   </div>
   <div class='ocr_carea' id='block_1_4' title="bbox 363 4172 2570 4476">
    <p class='ocr_par' dir='ltr' id='par_1_4' title="bbox 363 4172 2570 4476">
     <span class='ocr_line' id='line_1_38' title="bbox 365 4172 2570 4271; baseline -0.002 -22"><span class='ocrx_word' id='word_1_301' title='bbox 365 4202 485 4249; x_wconf 87' lang='lat' dir='ltr'><strong>con</strong></span> <span class='ocrx_word' id='word_1_302' title='bbox 496 4179 798 4264; x_wconf 84' lang='lat' dir='ltr'><strong>veniunt3</strong></span> <span class='ocrx_word' id='word_1_303' title='bbox 862 4195 987 4247; x_wconf 86' lang='lat' dir='ltr'><strong>nee</strong></span> <span class='ocrx_word' id='word_1_304' title='bbox 1036 4174 1344 4269; x_wconf 78' lang='lat' dir='ltr'><strong>denique,</strong></span> <span class='ocrx_word' id='word_1_305' title='bbox 1391 4173 1586 4246; x_wconf 85' lang='lat' dir='ltr'><strong>etiam</strong></span> <span class='ocrx_word' id='word_1_306' title='bbox 1636 4174 1696 4246; x_wconf 88' lang='lat' dir='ltr'><strong>si</strong></span> <span class='ocrx_word' id='word_1_307' title='bbox 1748 4173 1892 4271; x_wconf 83' lang='lat' dir='ltr'><strong>quis</strong></span> <span class='ocrx_word' id='word_1_308' title='bbox 1943 4172 2025 4246; x_wconf 84' lang='lat' dir='ltr'><strong>de</strong></span> <span class='ocrx_word' id='word_1_309' title='bbox 2075 4174 2316 4246; x_wconf 89' lang='lat' dir='ltr'><strong>tradita</strong></span> <span class='ocrx_word' id='word_1_310' title='bbox 2354 4172 2570 4244; x_wconf 79' lang='lat' dir='ltr'><strong>victo-</strong></span> 
     </span>
     <span class='ocr_line' id='line_1_39' title="bbox 363 4272 2568 4375; baseline -0.002 -26"><span class='ocrx_word' id='word_1_311' title='bbox 363 4278 464 4349; x_wconf 88' lang='lat' dir='ltr'><strong>ria</strong></span> <span class='ocrx_word' id='word_1_312' title='bbox 513 4279 843 4375; x_wconf 81' lang='lat' dir='ltr'><strong>cogitasse</strong></span> <span class='ocrx_word' id='word_1_313' title='bbox 886 4276 1245 4348; x_wconf 89' lang='lat' dir='ltr'><strong>Pindarum</strong></span> <span class='ocrx_word' id='word_1_314' title='bbox 1294 4282 1637 4366; x_wconf 89' lang='lat' dir='ltr'><strong>statueret,</strong></span> <span class='ocrx_word' id='word_1_315' title='bbox 1690 4275 1823 4347; x_wconf 89' lang='lat' dir='ltr'><strong>dici</strong></span> <span class='ocrx_word' id='word_1_316' title='bbox 1873 4298 2015 4352; x_wconf 83' lang='lat' dir='ltr'><strong>eam</strong></span> <span class='ocrx_word' id='word_1_317' title='bbox 2064 4275 2281 4372; x_wconf 78' lang='lat' dir='ltr'><strong>potuit</strong></span> <span class='ocrx_word' id='word_1_318' title='bbox 2331 4272 2568 4368; x_wconf 87' lang='lat' dir='ltr'><strong>aliquis</strong></span> 
     </span>
     <span class='ocr_line' id='line_1_40' title="bbox 367 4373 2570 4476; baseline -0.003 -23"><span class='ocrx_word' id='word_1_319' title='bbox 367 4375 659 4463; x_wconf 80' lang='grc' dir='ltr'><strong><em>ἑκόντος</em></strong></span> <span class='ocrx_word' id='word_1_320' title='bbox 706 4380 785 4453; x_wconf 64' lang='lat' dir='ltr'><strong>iic</strong></span> <span class='ocrx_word' id='word_1_321' title='bbox 834 4375 1096 4474; x_wconf 75' lang='grc' dir='ltr'><em>δόμων</em></span> <span class='ocrx_word' id='word_1_322' title='bbox 1144 4374 1416 4476; x_wconf 78' lang='grc' dir='ltr'><strong><em>φέρειν.</em></strong></span> <span class='ocrx_word' id='word_1_323' title='bbox 1515 4374 1728 4449; x_wconf 91' lang='lat' dir='ltr'><strong>Immo</strong></span> <span class='ocrx_word' id='word_1_324' title='bbox 1778 4385 2079 4474; x_wconf 85' lang='lat' dir='ltr'><strong>spectant</strong></span> <span class='ocrx_word' id='word_1_325' title='bbox 2115 4377 2281 4448; x_wconf 86' lang='lat' dir='ltr'><strong>haec</strong></span> <span class='ocrx_word' id='word_1_326' title='bbox 2307 4373 2390 4445; x_wconf 87' lang='lat' dir='ltr'><strong>ad</strong></span> <span class='ocrx_word' id='word_1_327' title='bbox 2420 4373 2570 4447; x_wconf 87' lang='lat' dir='ltr'><strong>Da-</strong></span> 
     </span>
    </p>
   </div>
  </div>
 </body>
</html>
