3192 4992
642 352 772 422 ffiss
1435 350 1547 410 DE
1612 346 2061 410 ATLANTE.

646 546 812 611 rem,
865 517 1019 615 quia
1068 515 1300 613 quibus
1351 515 1606 589 caussis
1640 514 1953 611 deinceps
1994 512 2294 610 expolita
2326 508 2417 583 sit
2450 519 2634 608 patet
2671 536 2867 608 aper-

646 623 926 698 tissime.
1048 619 1261 711 Quam
1307 615 1643 692 Homerus
1707 616 1992 688 fabulam
2056 622 2444 710 acceperat,
2509 636 2592 684 ea
2651 613 2867 705 illum,

651 725 762 826 qui
811 723 1011 794 Atlas
1071 727 1468 810 vocaretur„
1492 727 1761 792 strenuo
1812 718 2041 790 labore
2092 715 2296 788 maria
2327 738 2743 812 permensum
2790 739 2871 788 ea
3001 738 3006 743 ·

648 828 800 900 loca
850 823 1139 897 tenuisse
1192 820 1487 913 dicebat,
1555 819 1670 891 ubi
1734 819 1990 892 caelum
2040 816 2363 890 columnis
2428 840 2626 912 super
2689 825 2873 889 terra

648 927 882 999 fultum
934 932 1136 997 esset.
1238 921 1602 1013 Hesiodus,
1654 921 1961 1017 quoniam
1993 943 2125 990 non
2155 918 2512 1016 apparebat
2541 918 2872 1014 quomodo
2930 997 2937 1004 ,

650 1029 798 1127 ipse
854 1028 1066 1099 Atlas·
1106 1032 1332 1097 tencre
1394 1025 1566 1096 istas
1625 1024 1960 1094 columnas
2027 1019 2241 1092 dictus
2304 1028 2521 1110 esset,
2589 1020 2871 1117 demptis

628 1129 975 1202 ,columnis
1026 1126 1227 1223 capiti
1280 1133 1348 1197 et
1399 1125 1693 1196 manibus
1725 1123 2018 1195 Atlantis
2070 1121 2242 1194 caeli
2290 1120 2546 1218 pondus
2597 1121 2874 1216 imposi-
2972 1213 2983 1220 Ι

655 1239 790 1303 tum
840 1228 1025 1318 fecit,
1077 1251 1440 1300 memorans
1492 1226 1688 1298 simul
1737 1233 2070 1322 parentes,
2121 1223 2400 1315 fratres,
2449 1223 2710 1312 locum,
2761 1222 2874 1293 uhi

655 1338 864 1404 staret
910 1330 1132 1402 Atlas.
1234 1327 1646 1424 Aeschylus,
1730 1351 1923 1423 quum
1989 1326 2060 1397 in
2123 1326 2456 1422 plerisque
2507 1323 2875 1395 Hesiodum

657 1443 1068 1527 sequeretur,
1118 1443 1334 1502 tamen
1386 1428 1756 1501 reverentia
1803 1426 2119 1518 Homeri,
2173 1451 2361 1523 quem
2416 1426 2720 1498 crederet
2766 1450 2878 1496 re-

660 1558 801 1607 rum
855 1533 1233 1605 caelestium
1286 1532 1564 1604 scientia
1610 1539 1914 1603 accurate
1972 1529 2389 1620 instructum,
2443 1528 2740 1600 doctiore
2771 1526 2880 1598 in-

662 1635 1132 1731 terpretatione
1200 1632 1490 1706 adhibita
1554 1633 1889 1705 columnas
1953 1655 2077 1728 pro
2143 1653 2270 1701 axe
2320 1629 2615 1728 accepit,
2689 1652 2880 1724 quem

627 1736 950 1824 diiunctis
1014 1745 1083 1808 et
1149 1735 1348 1812 dorso
1404 1744 1696 1808 versaret
1744 1733 1966 1805 Atlas.
2069 1731 2236 1804 Inde
2284 1731 2461 1804 idem
2510 1738 2880 1802 statuerunt

663 1838 805 1927 alii,
860 1837 1064 1908 veluti
1096 1835 1451 1930 Virgilius.
1552 1833 1706 1908 Non
1755 1835 1850 1907 ita
1876 1832 2144 1928 lbycus,
2195 1857 2388 1930 quem
2436 1856 2635 1928 quum
2682 1831 2881 1903 scho-

561 1994 579 2022 ,
661 1939 893 2011 liastes
921 1937 1266 2034 Apollonii
1304 1936 1553 2009 Rhodii
1607 1936 1688 2008 ad
1740 1934 1883 2006 III.
1922 1936 2094 2010 loo.
2145 1936 2317 2007 caeli
2365 1934 2702 2007 columnas
2751 1936 2881 2027 ῥα-

664 2034 944 2125 derude,
996 2038 1167 2136 quod
1222 2046 1399 2110 esset
1450 2036 1910 2138 εὐμεγέθεις,
1968 2037 2219 2109 dixisse
2269 2043 2574 2125 testetur,
2626 2034 2925 2106 videtur-

663 2142 783 2213 ille
834 2141 916 2211 de
971 2140 1143 2212 veris
1208 2150 1276 2211 et
1339 2142 1528 2236 quasi
1591 2151 1732 2213 arte
1801 2137 2076 2234 quadam
2136 2137 2332 2209 factis
2393 2137 2712 2210 columnis
2761 2160 2882 2208 co-

738 2251 941 2315 tasse.

666 2268 736 2340 gl
867 2341 1092 2414 Venio
1133 2342 1226 2416 „ad
1277 2342 1598 2439 imagines
1648 2339 1967 2413 Atlantis.
2070 2338 2212 2412 Eas
2276 2364 2435 2413 non·
2474 2346 2625 2411 ante
2674 2338 2883 2410 factas

668 2470 841 2537 esse,
895 2469 1087 2542 quam
1138 2454 1372 2540 poetae
1426 2446 1507 2548 de
1556 2443 1828 2514 Atlante
1881 2443 2301 2532 cecinissent,
2365 2465 2566 2538 supra
2615 2438 2926 2512 demon-·

669 2557 944 2619 stratum
995 2554 1123 2617 est.
1228 2545 1609 2636 Quaesitum
1664 2553 1767 2617 cst
1819 2553 2059 2636 autem,
2114 2544 2464 2640 quomodo
2496 2565 2886 2639 repraesen-

668 2657 847 2720 tatus
897 2646 1097 2717 suerit
1145 2645 1366 2717 Atlas.
1468 2645 1624 2718 Nou
1674 2646 1995 2717 scriberet
2041 2645 2237 2717 hodie
2288 2643 2668 2735 Heffterus,
2722 2667 2885 2740 quae

671 2747 938 2846 scripsit
1001 2748 1085 2843 §-
1146 2748 1222 2820 6.
1289 2747 1370 2818 de
1403 2743 1637 2841 ‘opere
1703 2746 1864 2837 illo,
1946 2771 2074 2843 quo
2139 2744 2546 2819 Letronnius
2595 2744 2887 2817 Atlantis

670 2848 950 2945 figuram
1001 2847 1299 2918 exhiberi
1349 2848 1644 2944 putabat.
1743 2845 1894 2918 Non
1946 2849 2117 2920 enim
2165 2850 2350 2921 illam
2396 2847 2688 2920 Atlantis
2738 2845 2892 2918 effi-

673 2950 847 3048 giem
900 2973 1074 3040 esse,
1128 2949 1322 3021 docte
1375 2947 1662 3021 ostendit
1687 2948 2078 3045 Radulpbus
2114 2949 2485 3023 Rochettus
2534 2950 2603 3021 in
2640 2948 2890 3020 disser-

648 3052 949 3141 tatione,
1004 3074 1194 3146 quam
1247 3052 1327 3123 de
1378 3050 1770 3147 imaginibus
1809 3051 2101 3124 Atlantis
2152 3052 2478 3154 superiori
2527 3075 2698 3122 anno
2746 3050 2891 3122 edi-

675 3153 799 3225 dit.
912 3151 1058 3224 Nec
1123 3162 1337 3225 tamen
1403 3154 1625 3248 inepte
1692 3161 1805 3224 aut
1869 3154 2010 3225 sine
2077 3153 2320 3226 iudicio
2386 3179 2523 3225 rem
2590 3161 2890 3249 gesserat

673 3252 1113 3345 Letronnius,
1170 3257 1376 3351 quem‘
1412 3253 1828 3350 adverterant
1880 3280 2045 3350 quae
2098 3255 2349 3327 duobus
2398 3256 2568 3327 locis
2618 3254 2889 3326 tradidit

674 3356 1068 3447 Pausanias,
1123 3354 1294 3452 quod
1326 3379 1405 3426 ea
1432 3357 1768 3452 explicatu
1798 3355 2220 3454 perdifficilia
2253 3357 2650 3430 viderentur.
2719 3353 2891 3428 Nam

676 3451 966 3553 fingendi
1017 3457 1454 3554 pingendique
1507 3457 1672 3529 haec
1719 3459 2093 3530 necessaria
2141 3460 2255 3530 lex
2313 3468 2441 3552 est,
2494 3483 2576 3529 ne
2606 3457 2893 3554 fingatur

677 3560 1109 3657 pingatnrve‚
1184 3557 1355 3655 quod
1409 3567 1522 3631 aut
1570 3555 1736 3656 fingi
1784 3560 2048 3656 pingive
2101 3570 2424 3657 nequeat,
2507 3569 2619 3632 aut
2667 3560 2891 3632 fictum

676 3660 1005 3758 pictnmve
1056 3661 1298 3732 rationi
1347 3668 1694 3759 repugnet.
1795 3661 2005 3758 Atqui
2050 3661 2344 3734 Atlantis
2394 3661 2584 3735 labor
2633 3661 2715 3733 si·
2742 3658 2893 3732 effi-

680 3763 790 3858 gie
840 3761 1428 3858 repraesentandus
1494 3771 1637 3854 est,
1707 3763 1918 3860 ipsius
1982 3762 2243 3858 quidem
2291 3764 2584 3835 Atlantis
2649 3763 2889 3859 figura,

679 3863 982 3959 quoniam
1036 3864 1317 3935 hominis
1369 3870 1496 3954 est,
1549 3864 1713 3936 nihil
1767 3866 2085 3955 continet,
2142 3866 2316 3960 quod
2364 3866 2629 3938 turbare
2681 3862 2894 3937 artifi-

683 3989 823 4036 cem
872 3966 1110 4061 possit.
1212 3963 1353 4037 Sed
1405 3989 1570 4061 quae
1623 3966 1751 4038 duo
1803 3967 1935 4038 alia
1984 3967 2340 4059 accedunt,
2392 3976 2571 4070 terra
2621 3975 2689 4039 et
2739 3988 2894 4038 cae-

590 4067 844 4156 lsslum,
896 4065 1218 4161 quomodo
1270 4064 1433 4163 fingi
1483 4068 1748 4164 pingive
1799 4077 2102 4163 possunt,
2155 4093 2352 4165 quum
2404 4077 2472 4141 et
2508 4075 2716 4142 totam
2753 4076 2892 4139 ter-

638 4191 826 4240 ram
890 4177 956 4238 et
1021 4191 1209 4239 omne
1274 4168 1557 4265 spatium
1622 4169 1792 4242 caeli
1858 4169 2235 4266 significare
2299 4169 2541 4259 artifex
2607 4161 2892 4244 debeat?

681 4270 1007 4369 Apertum
1058 4279 1198 4361 est,
1262 4270 1431 4344 nihil
1492 4271 1817 4368 relinqui,
1892 4273 2024 4344 nisi
2074 4281 2184 4360 ut,
2259 4272 2435 4369 quod
2497 4272 2711 4368 ipsum
2763 4294 2894 4343 non

639 4451 642 4460 ,
684 4380 906 4469 potest
955 4371 1211 4446 ostendi
1227 4423 1255 4465 ,
1320 4397 1444 4470 per
1505 4375 1700 4472 signa
1759 4373 1923 4447 satis
1972 4374 2154 4447 clara
2212 4374 2562 4449 indicetur.
2630 4429 2635 4432 -
2680 4373 2894 4465 Quum
