3192 4992
704 356 804 416 ιιΕ
845 353 1142 438 DUABUS
1185 355 1825 418 [Nscmr‘nomsns
1868 358 2198 428 cunels.
2433 337 2555 430 181

346 520 435 596 is
456 519 564 617 qui
612 519 913 593 currebat
960 521 1646 648 praetergrediebatur
1686 517 1961 595 alterum
1996 523 2092 596 ita
2125 530 2201 597 ιιι
2234 525 2556 620 prehendi

350 624 426 694 ab
472 623 588 693 illo
636 622 962 718 potuerit·
1018 619 1070 693 5
1123 617 1205 695 ds
1240 620 1728 717 Καλλίμαχος,
1779 651 1879 706 ως
1908 619 2106 721 ἑώρα
2140 624 2373 701 αὐτὸν
2409 655 2554 700 πα·-

344 718 631 819 ριόντα,
702 718 1281 816 ἐπιλαμβάνεται
1331 723 1566 798 αὐτοῦ
1618 730 1747 819 τῆς
1793 728 2016 807 ι’τυος.
2120 726 2298 819 Quid
2347 728 2554 823 igitur

337 825 439 898 his
489 817 828 896 efficitur?
929 823 1296 921 Παριέναι
1360 824 1494 898 dici
1560 850 1763 921 posse
1826 826 1908 898 de
1978 851 2100 918 eo,
2182 829 2295 923 qui
2358 853 2559 926 prae-

336 934 545 998 tereat
594 925 936 1020 aliquem,
964 934 1037 997 ut
1087 934 1487 999 antevertat·
1557 927 1732 1022 qnod
1783 927 1872 999 sit
1920 935 2235 1023 νικῆσαι.
2338 930 2432 1002 At
2472 955 2554 1003 eo

332 1028 539 1123 magis
591 1026 1085 1123 vituperandum
1139 1035 1243 1100 est
1291 1024 1583 1125 παριών
1631 1026 1837 1123 νίκη,
1889 1053 2017 1124 qno
2072 1030 2171 1102 bis
2222 1029 2395 1102 idem
2449 1031 2557 1103 di-
2677 1119 2683 1132 ι

332 1129 529 1219 citur,
579 1127 777 1223 idque
829 1135 1013 1223 tanto
1068 1129 1276 1201 minus
1312 1138 1489 1226 apte,
1545 1130 1700 1225 qnia
1743 1155 1997 1221 cursor,
2048 1132 2120 1202 ni
2149 1140 2549 1227 praetereat,

331 1230 594 1302 omnino
649 1229 908 1303 vincere
973 1255 1104 1302 non
1139 1239 1415 1349 potest.
1516 1229 1753 1326 Itaque
1818 1232 1980 1303 satis
2047 1239 2115 1304 et
2177 1234 2415 1304 inscite
2480 1241 2550 1307 et

326 1330 692 1404 insolenter
727 1331 1155 1427 scripsisset
1133 1356 1220 1423 rs,
1275 1333 1385 1428 qui
1414 1331 1585 1404 fecit
1603 1333 1781 1404 istud
1812 1333 2235 1428 epigramma.
2341 1333 2552 1425 „Do-

325 1432 588 1524 „ricam
635 1440 853 1504 autem
895 1456 1043 1504 csse
1088 1433 1256 1506 hane
1292 1433 1612 1529 Argivam
1651 1434 2143 1529 inscriptionem
2173 1435 2326 1507 ideo
2357 1443 2552 1532 puto,

323 1532 559 1629 „qnod
627 1532 935 1629 ἄριστον
984 1531 1329 1626 ὃπλίτα[ν
1392 1536 1653 1608 omnino
1718 1536 2123 1631 probabilius
2190 1543 2294 1608 est
2357 1560 2551 1632 quam

322 1634 693 1733 »ἄριστον
757 1632 1156 1726 ὃπλίτα[ις,
1240 1646 1308 1708 et
1373 1635 1546 1731 quod
1612 1635 1903 1718 Πέλοπς
1970 1638 2209 1711 dicitnr
2269 1637 2552 1716 Aeolica

321 1758 531 1828 „esse
585 1737 949 1833 scriptura,
1020 1761 1209 1832 qnam
1261 1736 1532 1810 Doricis
1599 1738 1953 1811 immisceri
2019 1748 2411 1836 exspectes,
2478 1741 2552 1813 in

321 1838 846 1936 „Peloponneso
898 1839 1206 1929 maxime,
1259 1838 1370 1910 ubi
1420 1840 1667 1911 mixtus
1718 1839 1862 1912 cum
1914 1840 2257 1913 Aeolismo
2303 1841 2553 1914 Doris-

303 1961 548 2032 ·„mus.
653 1941 1075 2036 Quapropter
1139 1940 1333 2013 etiam
1384 1936 1552 2034 νίκη
1601 1942 2003 2038 interpretor
2067 1966 2154 2013 ex
2205 1942 2553 2034 Dorismo,

319 2040 583 2134 »ἐνίκα
597 2095 622 2128 ,
691 2051 757 2112 ct
811 2042 1116 2115 convenit
1167 2041 1367 2113 dictio
1419 2039 1712 2137 παριών
1760 2039 1947 2138 νίκη.
2050 2042 2266 2115 Vides
2316 2046 2549 2140 igitur,

186 2163 200 2179 ’
319 2142 694 2240 „quidquid
743 2143 812 2213 in
861 2167 1009 2214 mea
1057 2143 1563 2238 reprehenditur
1615 2144 2097 2239 explicatione,
2151 2147 2549 2241 reprehendi

317 2247 642 2337 ,‘,iniuria.
649 2251 701 2290 “
801 2242 953 2316 Non
1022 2244 1413 2315 crediderim
1474 2269 1557 2316 nc
1622 2252 1957 2341 postrema
2007 2247 2264 2341 quidem
2316 2271 2551 2343 repre-

316 2348 526 2419 hensa
592 2369 739 2417 esse
805 2345 1070 2415 iniuria.
1196 2343 1367 2418 Nam
1433 2370 1514 2415 ne
1580 2370 2114 2436 commemorem,
2197 2347 2372 2443 quod
2439 2348 2550 2420 hic

318 2472 581 2545 quoque
634 2445 801 2517 illud
853 2443 1178 2526 Πέλοπς
1209 2446 1535 2541 ingeritur
1598 2454 1927 2540 tamqnam
1980 2454 2160 2518 certo
2212 2448 2548 2519 inventum

313 2552 386 2621 in
436 2547 702 2646 lapide,
783 2547 992 2643 primo
1059 2546 1290 2617 falsum
1362 2554 1465 2618 est
1511 2547 1919 2644 probabilius
1986 2544 2293 2622 ὃπλίταν
2357 2573 2548 2665 quarn

315 2648 651 2731 ὁπλίταις
702 2648 966 2721 coniici.
1069 2648 1218 2739 Quo
1271 2657 1652 2743 argumento
1707 2650 1917 2739 enim,
1972 2649 2069 2740 si,
2124 2649 2298 2745 qnod
2350 2650 2589 2721 sumit‘

312 2752 728 2841 Boeckhins,
795 2774 922 2821 non
978 2750 1397 2821 cohaerentia
1448 2775 1592 2821 cum
1649 2750 1798 2820 aliis
1855 2751 2067 2822 verbis
2121 2752 2549 2847 conspiciun-

315 2863 425 2927 tnr
474 2854 784 2950 ἄριστον
832 2848 1133 2941 ὃπλίτα,
1188 2851 1347 2923 sciri
1395 2859 1644 2948 potest,
1697 2852 1894 2923 istum
1945 2852 2271 2926 hominem
2322 2854 2543 2950 potius

311 2958 566 3030 dictum
618 2978 764 3026 esse
812 2949 948 3026 τὸν
991 2952 1296 3049 ἄριστον
1341 2950 1674 3039 ὃπλίταν,
1727 2977 1917 3049 qnam
1962 2955 2045 3027 ἐν
2071 2958 2362 3036 πολλοῖς
2409 2954 2545 3030 τὸν

306 3058 628 3156 ἄριστον
677 3052 1051 3135 ὃπλίταιςὲ
1152 3053 1438 3145 Deinde,
1492 3064 1566 3125 ut
1617 3054 2049 3126 concedamus
2094 3056 2346 3126 fuisse
2325 3080 2394 3126 ιιι
2436 3057 2544 3126 la-

307 3162 460 3256 pide
537 3154 882 3242 57122'1001,
967 3179 1097 3227 non
1170 3156 1466 3251 sequitur
1536 3157 1938 3251 epigramma
2016 3156 2220 3227 fnisse
2286 3155 2539 3228 Dorice
2631 3193 2642 3210 =

309 3263 660 3361 scriptum.
776 3257 946 3330 Nam
1015 3258 1159 3352 quis
1213 3257 1425 3327 nescit
1493 3257 1562 3327 id
1613 3281 1823 3353 genus
1873 3257 2172 3330 Dorismi
2222 3258 2420 3330 etiam
2467 3258 2540 3328 in

307 3389 440 3436 non
501 3361 772 3433 Doricis
837 3359 1149 3430 usitatum
1216 3381 1363 3429 esse
1431 3357 1534 3429 vel
1602 3352 1941 3430 maxime?
2058 3358 2269 3430 Plane
2322 3366 2540 3431 autem

309 3463 785 3563 repudiandum
852 3469 955 3533 est
1004 3459 1324 3532 Doricum
1394 3459 1844 3556 imperfectum
1910 3457 2115 3554 νίκη,
2188 3460 2339 3556 quia
2391 3460 2539 3557 epi-

311 3572 677 3662 grammata
727 3562 997 3634 metrica
1047 3587 1178 3634 non
1228 3562 1569 3634 usitatum
1590 3562 1718 3633 fuit
1768 3585 1846 3632 ea
1886 3561 2169 3634 dialecto
2217 3561 2531 3653 scribere,

312 3691 481 3764 qnae
534 3667 711 3738 ultra
761 3664 968 3761 epicis
1022 3688 1369 3736 concessas
1422 3663 1683 3736 dicendi
1713 3656 1975 3735 formas
2000 3659 2083 3738 ad
2113 3663 2534 3740 domesticam

310 3771 609 3867 lingnam
657 3772 1042 3839 reverteret.

519 3870 713 3962 Quod
765 3868 824 3941 si
872 3875 1053 3939 recte
1106 3868 1523 3939 contendisse
1575 3867 1829 3958 videor,
1881 3853 2005 3938 nec
2052 3814 2373 3961 Pelopem
2421 3864 2583 3942 ιιι-9

311 3973 703 4044 trudendum
751 3994 899 4042 esse
948 3970 1019 4042 ιιι
1065 3969 1236 4041 hanc
1283 3969 1800 4063 inscriptionem,
1853 3992 1976 4040 nec
2027 3975 2308 4058 caetera,
2363 3989 2528 4063 quae

311 4072 657 4147 Boeckhio
711 4073 851 4144 visa
904 4078 1080 4162 sunt,
1134 4094 1331 4166 posse
1385 4070 1676 4142 admitti:
1747 4070 1891 4140 iure
1918 4068 2242 4164 postulari
2279 4074 2525 4163 potest,
2646 4113 2651 4118 -

314 4183 388 4247 ut
436 4186 572 4248 tres
624 4175 779 4246 illos
832 4199 920 4245 ex
985 4173 1215 4268 quibus
1269 4178 1569 4243 constare
1635 4171 1808 4242 hunc
1870 4171 2131 4243 titulum
2183 4168 2325 4240 dixi
2375 4193 2527 4239 ver-

312 4302 430 4349 sus
478 4278 840 4351 restituam.
941 4274 1082 4347 Iam
1139 4298 1331 4369 quum
1384 4273 1498 4343 vix
1551 4271 1834 4344 dubitari
1880 4273 2132 4369 possit,
2189 4270 2343 4365 quin
2392 4269 2526 4340 ini-

312 4378 475 4452 tium
523 4378 1035 4478 epigrammatis,
1088 4376 1226 4448 sive
1274 4374 1702 4473 Hippocoon,
1753 4373 1892 4447 sive
1943 4375 2075 4450 alio
2125 4371 2360 4446 iisdem
2408 4370 2528 4446 lit-
