3192 4992
581 337 720 444 '14⁰
1147 337 1742 402 EMENDATIGNES
1779 336 2255 401 PINDARICAE.

589 507 855 604 sychius
917 503 1226 603 scripsit,
1303 510 1590 580 λευκῶν
1649 499 2086 601 πραπίδων,
2167 507 2425 579 κακῶν
2483 509 2819 602 φρενῶν,

588 611 749 683 item
797 631 887 679 ex
933 606 1228 680 Pindaro
1286 606 1667 679 adnotatum
1716 605 2002 678 videtur.

792 707 890 780 V.
939 711 1112 782 122.
1147 709 1394 806 (217.)
1445 715 1736 781 retracto
1768 715 2047 780 accentu
2077 704 2493 779 scribendum
2526 703 2627 779 ἂν
2649 703 2820 798 πέρι

588 805 849 910 ψυχὰν
907 804 1287 911 γάθησεν,
1356 816 1432 881 ut
1479 806 1645 907 πέρι
1707 809 1798 882 sit
1846 805 2075 882 valde
2090 862 2111 894 ,
2180 815 2249 880 et
2307 808 2668 903 iungantur
2714 807 2816 881 ἂν

586 908 849 1011 ψυχὰν
907 906 1286 1013 γάθησεν,
1366 911 1725 984 secundum
1787 910 2067 983 Homeri
2126 907 2295 981 illud
2357 904 2666 1011 γεγήθει
2723 906 2811 983 δὲ

723 1041 849 1090 να.

586 1041 725 1114 φμ
787 1113 888 1187 V.
943 1116 1115 1188 132.
1166 1114 1414 1211 (234.)
1479 1112 1582 1185 sic
1633 1112 2204 1208 distinguendum:
2285 1108 2448 1185 ἄλλ’
2507 1110 2592 1185 ἐν
2639 1110 2812 1208 ἔκτα

583 1211 859 1304 πάντα,
910 1209 1135 1316 λόγον
1163 1212 1482 1310 θέμενος
1516 1212 1952 1304 σπουδαῖον,
2003 1216 2083 1298 ἐξ
2117 1212 2355 1313 ἀρχᾶς
2396 1209 2587 1312 ἀνὴρ
2630 1236 2813 1314 συγ-
2857 1221 2861 1222 ἢ

577 1315 873 1420 γενέσιν
919 1314 1446 1412 παρεκοινᾶθ’.
2260 1382 2267 1388 .

788 1417 887 1490 V.
942 1420 1114 1493 145.
1180 1419 1425 1514 (258.)
1543 1417 1760 1508 Quum
1822 1417 1909 1489 ad
1971 1415 2335 1514 Sophoclis
2405 1413 2607 1499 Oed.
2651 1411 2811 1488 Col.

586 1522 763 1595 284.
814 1519 1253 1617 scripsissem,
1305 1518 1517 1591 videri
1564 1519 1727 1590 mihi
1775 1519 1941 1592 haec
1990 1521 2092 1592 sic
2141 1540 2290 1590 esse
2341 1516 2808 1608 construenda,

585 1618 779 1695 αἰδῶ
841 1616 1173 1718 καλύψαι
1250 1619 1340 1695 οὗ
1404 1617 1658 1713 πρέπει
1720 1626 1883 1716 νῷν
1951 1614 2430 1715 χαλκοτόροις
2494 1615 2809 1715 ξίφεσιν,

583 1720 750 1797 οὐδ’
810 1718 1247 1797 ἀκόντεσσιν
1293 1718 1628 1822 μεγάλαν
1676 1716 2070 1821 προγόνων
2118 1718 2350 1814 τιμὰν
2388 1715 2810 1807 δάσασθαι,

584 1823 939 1896 Dissenius
1012 1824 1334 1919 singulari
1407 1822 1910 1896 ratiocinatione
1985 1823 2086 1896 sic
2150 1823 2323 1894 male
2386 1822 2810 1918 loquuturum

490 1924 793 1997 l2fuisse
841 1923 1203 1997 Pindarum
1253 1924 1522 2020 scripsit
1570 1949 1642 2021 p.
1696 1926 1872 2015 233,
1925 1948 2133 2014 „nam
2183 1923 2504 2021 pudorem
2553 1946 2591 1994 e
2643 1948 2811 1997 con-
2940 2015 2951 2025 ¹

581 2034 837 2124 spectu.
864 2025 1204 2098 removent
1253 2026 1428 2097 bello
1478 2026 1772 2122 incepto,
1825 2026 2067 2097 bellum
2116 2033 2332 2097 autem
2382 2024 2641 2121 geritur
2685 2048 2809 2096 en-

581 2129 764 2201 sibus
815 2137 884 2202 et
932 2127 1179 2216 hastis3
1243 2127 1417 2215 unde
1465 2128 1651 2199 vides
1700 2152 1833 2200 non
1886 2129 2049 2199 bene
2100 2151 2293 2200 enses
2345 2135 2413 2198 et
2443 2126 2664 2198 iacula
2696 2126 2811 2199 hic

582 2230 903 2326 separari,
954 2254 1081 2302 nec
1127 2229 1346 2326 potuit
1394 2237 1743 2301 accuratus
1787 2230 2074 2325 scriptor
2108 2229 2205 2302 ita
2236 2228 2447 2325 loqui.
2466 2234 2521 2275 “
2601 2225 2803 2319 Num,

582 2333 696 2429 qui
746 2332 921 2404 bello
972 2330 1268 2428 incepto,
1324 2330 1433 2402 vel
1481 2330 1704 2428 potius
1755 2330 2132 2428 incipiendo
2187 2332 2370 2427 (nam
2419 2328 2489 2401 id
2541 2330 2806 2402 volebat

577 2433 967 2530 Dissenius)
1020 2432 1334 2530 pudorem
1389 2456 1427 2504 e
1479 2440 1841 2530 conspectu
1880 2439 2242 2523 removent,
2291 2456 2426 2505 nou
2468 2438 2806 2504 removent

580 2536 778 2608 etiam
843 2534 1133 2631 gerendo
1187 2534 1362 2606 bello
1381 2527 1419 2605 Ρ
1496 2559 1650 2607 num
1714 2542 1979 2630 separat
2041 2558 2232 2606 enses
2299 2557 2339 2604 a
2387 2532 2664 2624 iaculis,
2735 2540 2805 2606 et

576 2635 822 2708 bellum
871 2634 1167 2729 utrisque
1218 2635 1363 2730 geri
1411 2645 1653 2729 negat,
1721 2635 1834 2729 qui
1883 2634 2200 2730 pudorem
2247 2635 2573 2708 removeri
2621 2634 2806 2706 ensi-

577 2738 739 2826 busi,
808 2735 1020 2830 deque
1068 2757 1276 2829 regno
1328 2734 1628 2806 dimicari
1677 2734 1883 2806 hastis
1936 2730 2152 2807 dicit?
2222 2760 2375 2811 uum
2424 2744 2802 2810 accuratum

425 2873 432 2882 ,
578 2837 969 2931 scriptorem
1020 2858 1294 2906 necesse
1345 2842 1449 2907 est
1499 2833 1752 2908 duobus
1802 2835 2224 2910 substantivis
2294 2862 2553 2934 semper
2601 2861 2803 2911 uuum

576 2936 819 3010 addere
869 2937 1162 3028 verbum,
1213 2959 1342 3008 nec
1385 2935 1641 3009 licitum
1690 2960 1939 3032 ponere
1988 2937 2116 3010 duo
2158 2941 2359 3011 verba
2374 2934 2412 3011 Ρ
2474 2964 2629 3012 num
2680 2939 2802 3011 de-

574 3039 774 3135 nique
823 3038 1005 3111 nulla
1075 3045 1179 3110 est
1239 3037 1455 3134 figura
1517 3037 1602 3112 ἓν
1663 3035 1790 3112 διὰ
1841 3035 2111 3113 δυοῖνὲ
2207 3041 2399 3113 Haec
2461 3065 2594 3114 non
2645 3040 2798 3113 dico

435 3197 441 3206 .
578 3139 1022 3213 defendendae
1084 3139 1191 3211 illi
1255 3163 1446 3236 quam
1497 3164 1969 3236 proposueram
2033 3141 2480 3234 distinctioni,
2553 3142 2673 3215 sed
2721 3149 2799 3215 ut

576 3266 722 3315 eam
769 3241 1069 3314 Dissenii
1120 3241 1520 3335 argumentis
1587 3267 1718 3315 non
1781 3242 2164 3315 labefactari
2217 3251 2559 3341 appareat.
2660 3242 2799 3316 Vi-

576 3344 739 3418 deor
787 3343 961 3416 enim
1007 3341 1422 3415 intellexisse
1472 3351 1847 3440 corruptam
1881 3368 2028 3416 esse
2070 3346 2493 3439 scripturam.
2588 3345 2798 3417 Aliud

575 3453 681 3518 est
727 3440 1100 3543 κρύπτειν,
1152 3444 1330 3516 aliud
1379 3439 1798 3534 καλύπτειν,
1855 3446 1984 3517 etsi
2033 3446 2158 3517 hae
2209 3448 2404 3519 unius
2452 3448 2637 3519 verbi
2687 3447 2798 3519 di·-

576 3569 804 3620 versae
853 3546 1102 3619 formae
1152 3553 1305 3618 sunt
1322 3573 1345 3618 ε
1422 3541 1772 3642 κρύπτειν
1818 3547 1991 3619 enim
2054 3547 2250 3621 etiam
2316 3549 2398 3621 de
2460 3549 2545 3622 iis
2596 3549 2796 3621 rebus

574 3647 855 3740 dicitur,
922 3661 1098 3744 quae·
1139 3646 1241 3720 sic
1291 3649 1743 3741 occultantur,
1813 3656 1889 3720 ut
1934 3647 2049 3719 ubi
2098 3651 2232 3722 sint
2278 3651 2532 3724 nesciat
2581 3652 2793 3740 alius;

571 3743 969 3824 καλύπτειν
1020 3745 1237 3821 ‘autem
1287 3749 1370 3821 de
1418 3749 1504 3821 iis
1554 3757 1804 3823 tantum
1819 3801 1846 3843 ,
1900 3773 2067 3846 quae
2117 3759 2498 3847 praesentes
2549 3760 2796 3849 tegun-

571 3858 683 3924 tur
730 3857 806 3922 ut
854 3850 1108 3946 adspici
1157 3859 1508 3946 nequeant.
1605 3850 1743 3925 Hic
1791 3853 2140 3948 scripsisse
2178 3852 2536 3926 Pindarum
2585 3863 2748 3951 puto
2766 3880 2791 3927 ε

520 3988 525 4004 ·
571 3954 869 4047 Μοῖραι
915 3948 991 4025 δ’
1051 3946 1446 4048 ἀφίσταντ’
1467 4005 1495 4041 ,
1560 3955 1632 4026 εἴ
1672 3980 1783 4036 τις
1843 3953 2085 4049 ἔχθρα
2132 3951 2325 4028 πέλει
2372 3951 2791 4056 ὁμογόνοις,

572 4051 784 4130 αἰδοῖ,
834 4047 1190 4152 καλύψαι.
1324 4053 1416 4127 N
1407 4079 1510 4129 on
1567 4052 1916 4153 probant
1971 4055 2318 4147 Parcae,
2394 4057 2609 4162 inquit
2622 4108 2649 4150 ,
2719 4060 2795 4130 si

572 4152 782 4257 quod
826 4156 1034 4228 inter
1081 4166 1459 4253 cognatos
1508 4155 1768 4230 odium
1817 4166 1953 4246 est,
2003 4155 2099 4230 id
2107 4182 2316 4257 prae
2350 4156 2663 4261 pudore
2711 4167 2794 4234 et
2838 4247 2850 4253 ,

570 4257 1010 4331 reverentia
1053 4258 1338 4332 celare.
1438 4257 1725 4360 Itaque
1773 4269 2046 4361 aperte
2092 4261 2397 4360 loquar.
2532 4337 2555 4342 ,

773 4357 871 4431 V.
925 4358 1098 4437 152.
1149 4356 1396 4458 (27⁰.)
1496 4358 1651 4437 Non
1711 4368 1936 4459 aptum
1997 4359 2110 4435 hic
2162 4360 2423 4436 videtur
2468 4362 2785 4438 anacolu-
