<?xml version="1.0" encoding="UTF-8"?>
<!DOCTYPE html PUBLIC "-//W3C//DTD XHTML 1.0 Transitional//EN"
    "http://www.w3.org/TR/xhtml1/DTD/xhtml1-transitional.dtd">
<html xmlns="http://www.w3.org/1999/xhtml" xml:lang="en" lang="en">
 <head>
  <title>
</title>
<meta http-equiv="Content-Type" content="text/html;charset=utf-8" />
  <meta name='ocr-system' content='tesseract 3.04.00' />
  <meta name='ocr-capabilities' content='ocr_page ocr_carea ocr_par ocr_line ocrx_word'/>
</head>
<body>
  <div class='ocr_page' id='page_1' title='image "./godofrediherman00fritgoog_0303.png"; bbox 0 0 3192 4992; ppageno 0'>
   <div class='ocr_carea' id='block_1_1' title="bbox 1240 300 2583 427">
    <p class='ocr_par' dir='ltr' id='par_1_1' title="bbox 1240 300 2583 427">
     <span class='ocr_line' id='line_1_1' title="bbox 1240 300 2583 427; baseline -0.001 -10"><span class='ocrx_word' id='word_1_1' title='bbox 1240 355 1429 418; x_wconf 80' lang='lat' dir='ltr'>PARS</span> <span class='ocrx_word' id='word_1_2' title='bbox 1468 353 1710 419; x_wconf 77' lang='lat' dir='ltr'>Pmoa.</span> <span class='ocrx_word' id='word_1_3' title='bbox 2056 300 2066 314; x_wconf 40' lang='lat'>⁸</span> <span class='ocrx_word' id='word_1_4' title='bbox 2419 318 2583 427; x_wconf 42' lang='lat'><strong>‘291</strong></span> 
     </span>
    </p>
   </div>
   <div class='ocr_carea' id='block_1_2' title="bbox 320 515 2728 1840">
    <p class='ocr_par' dir='ltr' id='par_1_2' title="bbox 320 515 2728 1840">
     <span class='ocr_line' id='line_1_2' title="bbox 358 515 2585 628; baseline 0 -29"><span class='ocrx_word' id='word_1_5' title='bbox 358 522 447 599; x_wconf 75' lang='grc' dir='ltr'>δὲ</span> <span class='ocrx_word' id='word_1_6' title='bbox 498 521 746 600; x_wconf 80' lang='grc' dir='ltr'><strong><em>πίστιν</em></strong></span> <span class='ocrx_word' id='word_1_7' title='bbox 790 515 1149 620; x_wconf 58' lang='grc' dir='ltr'><strong><em>ἲσχυράν,</em></strong></span> <span class='ocrx_word' id='word_1_8' title='bbox 1213 518 1528 620; x_wconf 85' lang='grc' dir='ltr'><strong><em>πότερον</em></strong></span> <span class='ocrx_word' id='word_1_9' title='bbox 1589 530 1729 597; x_wconf 85' lang='grc' dir='ltr'>τοῦ</span> <span class='ocrx_word' id='word_1_10' title='bbox 1779 521 1990 620; x_wconf 76' lang='grc' dir='ltr'><strong><em>ἀέρος</em></strong></span> <span class='ocrx_word' id='word_1_11' title='bbox 2038 528 2139 607; x_wconf 76' lang='grc' dir='ltr'><strong><em>εἰς</em></strong></span> <span class='ocrx_word' id='word_1_12' title='bbox 2184 524 2372 624; x_wconf 80' lang='grc' dir='ltr'><strong><em>νέφη</em></strong></span> <span class='ocrx_word' id='word_1_13' title='bbox 2419 553 2585 628; x_wconf 80' lang='grc' dir='ltr'><strong><em>τρε-</em></strong></span> 
     </span>
     <span class='ocr_line' id='line_1_3' title="bbox 359 621 2585 729; baseline 0.001 -29"><span class='ocrx_word' id='word_1_14' title='bbox 359 626 685 723; x_wconf 79' lang='grc' dir='ltr'><strong><em>πομένου</em></strong></span> <span class='ocrx_word' id='word_1_15' title='bbox 745 624 873 700; x_wconf 81' lang='grc' dir='ltr'><strong><em>καὶ</em></strong></span> <span class='ocrx_word' id='word_1_16' title='bbox 939 621 1618 722; x_wconf 77' lang='grc' dir='ltr'><strong><em>σκυθρωπάζοντος</em></strong></span> <span class='ocrx_word' id='word_1_17' title='bbox 1680 623 1798 697; x_wconf 76' lang='grc' dir='ltr'>ἐπὶ</span> <span class='ocrx_word' id='word_1_18' title='bbox 1860 629 2014 707; x_wconf 85' lang='grc' dir='ltr'><strong><em>τοῖς</em></strong></span> <span class='ocrx_word' id='word_1_19' title='bbox 2074 630 2455 722; x_wconf 74' lang='grc' dir='ltr'><strong><em>εἶςιοῦσιν,</em></strong></span> <span class='ocrx_word' id='word_1_20' title='bbox 2535 630 2585 729; x_wconf 80' lang='grc' dir='ltr'><em>ἢ</em></span> 
     </span>
     <span class='ocr_line' id='line_1_4' title="bbox 362 721 2586 824; baseline 0.002 -21"><span class='ocrx_word' id='word_1_21' title='bbox 362 726 476 803; x_wconf 78' lang='grc' dir='ltr'>ὅτι</span> <span class='ocrx_word' id='word_1_22' title='bbox 522 730 993 802; x_wconf 77' lang='grc' dir='ltr'><strong><em>θανατοῦται</em></strong></span> <span class='ocrx_word' id='word_1_23' title='bbox 1042 725 1184 821; x_wconf 76' lang='grc' dir='ltr'><strong><em>μὲν</em></strong></span> <span class='ocrx_word' id='word_1_24' title='bbox 1235 725 1274 800; x_wconf 85' lang='grc' dir='ltr'><strong><em>ὅ</em></strong></span> <span class='ocrx_word' id='word_1_25' title='bbox 1327 721 1603 824; x_wconf 80' lang='grc' dir='ltr'><strong><em>ἐμβάς,</em></strong></span> <span class='ocrx_word' id='word_1_26' title='bbox 1673 733 1833 800; x_wconf 79' lang='grc' dir='ltr'><strong><em>τῶν</em></strong></span> <span class='ocrx_word' id='word_1_27' title='bbox 1897 724 1980 800; x_wconf 77' lang='grc' dir='ltr'>δὲ</span> <span class='ocrx_word' id='word_1_28' title='bbox 2033 726 2586 820; x_wconf 77' lang='grc' dir='ltr'><strong><em>ἀποθανόντων</em></strong></span> 
     </span>
     <span class='ocr_line' id='line_1_5' title="bbox 358 825 2728 934; baseline 0.002 -31"><span class='ocrx_word' id='word_1_29' title='bbox 358 829 432 903; x_wconf 79' lang='grc' dir='ltr'>οἱ</span> <span class='ocrx_word' id='word_1_30' title='bbox 482 827 1012 930; x_wconf 73' lang='grc' dir='ltr'><strong><em>Πυθαγορικοὶ</em></strong></span> <span class='ocrx_word' id='word_1_31' title='bbox 1072 826 1365 929; x_wconf 74' lang='grc' dir='ltr'><strong><em>λέγουσι</em></strong></span> <span class='ocrx_word' id='word_1_32' title='bbox 1414 826 1549 909; x_wconf 81' lang='grc' dir='ltr'>τὰς</span> <span class='ocrx_word' id='word_1_33' title='bbox 1596 826 1848 924; x_wconf 73' lang='grc' dir='ltr'><strong><em>ψυχὰς</em></strong></span> <span class='ocrx_word' id='word_1_34' title='bbox 1914 825 2017 924; x_wconf 86' lang='grc' dir='ltr'>μὴ</span> <span class='ocrx_word' id='word_1_35' title='bbox 2082 835 2318 903; x_wconf 87' lang='grc' dir='ltr'><strong><em>ποιεῖν</em></strong></span> <span class='ocrx_word' id='word_1_36' title='bbox 2368 831 2602 934; x_wconf 54' lang='grc' dir='ltr'>σκιοὶνς</span> <span class='ocrx_word' id='word_1_37' title='bbox 2718 881 2728 889; x_wconf 92' lang='lat'><strong>·</strong></span> 
     </span>
     <span class='ocr_line' id='line_1_6' title="bbox 356 926 2587 1027; baseline 0.003 -24"><span class='ocrx_word' id='word_1_38' title='bbox 356 928 545 1027; x_wconf 78' lang='grc' dir='ltr'><strong><em>μηδὲ</em></strong></span> <span class='ocrx_word' id='word_1_39' title='bbox 597 926 1216 1025; x_wconf 77' lang='grc' dir='ltr'><strong><em>σκαρδαμύττειν,</em></strong></span> <span class='ocrx_word' id='word_1_40' title='bbox 1266 926 1314 1025; x_wconf 86' lang='grc' dir='ltr'>ἢ</span> <span class='ocrx_word' id='word_1_41' title='bbox 1366 927 1584 1002; x_wconf 78' lang='grc' dir='ltr'><strong><em>σκιὰν</em></strong></span> <span class='ocrx_word' id='word_1_42' title='bbox 1632 927 1775 1023; x_wconf 80' lang='grc' dir='ltr'><strong><em>μὲν</em></strong></span> <span class='ocrx_word' id='word_1_43' title='bbox 1824 928 1864 1003; x_wconf 82' lang='grc' dir='ltr'><em>ὅ</em></span> <span class='ocrx_word' id='word_1_44' title='bbox 1913 928 2112 1025; x_wconf 77' lang='grc' dir='ltr'><strong><em>ἥλιος</em></strong></span> <span class='ocrx_word' id='word_1_45' title='bbox 2161 936 2387 1021; x_wconf 85' lang='grc' dir='ltr'><strong><em>ποιεῖ,</em></strong></span> <span class='ocrx_word' id='word_1_46' title='bbox 2451 933 2587 1010; x_wconf 82' lang='grc' dir='ltr'><strong><em>τὸν</em></strong></span> 
     </span>
     <span class='ocr_line' id='line_1_7' title="bbox 356 1025 2603 1129; baseline 0.002 -23"><span class='ocrx_word' id='word_1_47' title='bbox 356 1028 441 1106; x_wconf 78' lang='grc' dir='ltr'>δὲ</span> <span class='ocrx_word' id='word_1_48' title='bbox 492 1030 699 1128; x_wconf 76' lang='grc' dir='ltr'><strong><em>ἥλιον</em></strong></span> <span class='ocrx_word' id='word_1_49' title='bbox 751 1032 1176 1129; x_wconf 80' lang='grc' dir='ltr'><strong><em>ἀφαιρεῖται</em></strong></span> <span class='ocrx_word' id='word_1_50' title='bbox 1224 1033 1359 1105; x_wconf 83' lang='grc' dir='ltr'>τοῦ</span> <span class='ocrx_word' id='word_1_51' title='bbox 1407 1026 1780 1125; x_wconf 74' lang='grc' dir='ltr'><strong><em>ἐμβάντος</em></strong></span> <span class='ocrx_word' id='word_1_52' title='bbox 1829 1025 1869 1103; x_wconf 83' lang='grc' dir='ltr'><em>ὃ</em></span> <span class='ocrx_word' id='word_1_53' title='bbox 1909 1028 2160 1125; x_wconf 85' lang='grc' dir='ltr'><strong><em>νόμος,</em></strong></span> <span class='ocrx_word' id='word_1_54' title='bbox 2209 1027 2603 1111; x_wconf 79' lang='grc' dir='ltr'><strong><em>καὶτοῦτο·</em></strong></span> 
     </span>
     <span class='ocr_line' id='line_1_8' title="bbox 320 1129 2688 1234; baseline 0.002 -28"><span class='ocrx_word' id='word_1_55' title='bbox 320 1129 853 1227; x_wconf 75' lang='grc' dir='ltr'><strong><em>ἀἰνιττόμενοι</em></strong></span> <span class='ocrx_word' id='word_1_56' title='bbox 904 1131 1237 1234; x_wconf 71' lang='grc' dir='ltr'><strong><em>λε’γουσίς</em></strong></span> <span class='ocrx_word' id='word_1_57' title='bbox 1287 1129 1607 1233; x_wconf 55' lang='grc' dir='ltr'><strong><em>καὶγὰρ</em></strong></span> <span class='ocrx_word' id='word_1_58' title='bbox 1660 1132 1929 1229; x_wconf 72' lang='grc' dir='ltr'><strong><em>ἔλαφος</em></strong></span> <span class='ocrx_word' id='word_1_59' title='bbox 1980 1132 2019 1205; x_wconf 83' lang='grc' dir='ltr'><em>ὃ</em></span> <span class='ocrx_word' id='word_1_60' title='bbox 2070 1133 2308 1230; x_wconf 78' lang='grc' dir='ltr'><strong><em>ἐμβὰς</em></strong></span> <span class='ocrx_word' id='word_1_61' title='bbox 2344 1139 2587 1210; x_wconf 80' lang='grc' dir='ltr'><strong><em>καλεῖ-</em></strong></span> <span class='ocrx_word' id='word_1_62' title='bbox 2665 1159 2688 1178; x_wconf 58' lang='grc'>“’</span> 
     </span>
     <span class='ocr_line' id='line_1_9' title="bbox 352 1231 2585 1333; baseline 0.002 -26"><span class='ocrx_word' id='word_1_63' title='bbox 352 1260 501 1308; x_wconf 87' lang='grc' dir='ltr'><strong><em>ται.</em></strong></span> <span class='ocrx_word' id='word_1_64' title='bbox 603 1231 758 1331; x_wconf 84' lang='lat' dir='ltr'>Ego</span> <span class='ocrx_word' id='word_1_65' title='bbox 828 1237 1088 1331; x_wconf 84' lang='lat' dir='ltr'>quidem</span> <span class='ocrx_word' id='word_1_66' title='bbox 1156 1234 1463 1331; x_wconf 87' lang='lat' dir='ltr'>suspicor</span> <span class='ocrx_word' id='word_1_67' title='bbox 1508 1234 1703 1306; x_wconf 87' lang='lat' dir='ltr'>huius</span> <span class='ocrx_word' id='word_1_68' title='bbox 1758 1235 2086 1330; x_wconf 86' lang='lat' dir='ltr'>opinionis</span> <span class='ocrx_word' id='word_1_69' title='bbox 2136 1237 2335 1333; x_wconf 81' lang='lat' dir='ltr'>longe</span> <span class='ocrx_word' id='word_1_70' title='bbox 2390 1240 2585 1311; x_wconf 85' lang='lat' dir='ltr'>aliam</span> 
     </span>
     <span class='ocr_line' id='line_1_10' title="bbox 357 1330 2586 1436; baseline 0.001 -27"><span class='ocrx_word' id='word_1_71' title='bbox 357 1337 681 1433; x_wconf 79' lang='lat' dir='ltr'>originem</span> <span class='ocrx_word' id='word_1_72' title='bbox 730 1337 964 1410; x_wconf 81' lang='lat' dir='ltr'>fuisse.</span> <span class='ocrx_word' id='word_1_73' title='bbox 1024 1330 1235 1436; x_wconf 18' lang='lat' dir='ltr'>&amp;Nam</span> <span class='ocrx_word' id='word_1_74' title='bbox 1289 1331 1593 1409; x_wconf 81' lang='lat' dir='ltr'>Callisto</span> <span class='ocrx_word' id='word_1_75' title='bbox 1624 1333 1964 1431; x_wconf 87' lang='lat' dir='ltr'>Lycaonis</span> <span class='ocrx_word' id='word_1_76' title='bbox 2015 1337 2156 1408; x_wconf 90' lang='lat' dir='ltr'>filia</span> <span class='ocrx_word' id='word_1_77' title='bbox 2208 1361 2442 1434; x_wconf 84' lang='lat' dir='ltr'>quum,</span> <span class='ocrx_word' id='word_1_78' title='bbox 2511 1349 2586 1432; x_wconf 76' lang='lat' dir='ltr'>ut</span> 
     </span>
     <span class='ocr_line' id='line_1_11' title="bbox 350 1429 2585 1534; baseline 0.003 -26"><span class='ocrx_word' id='word_1_79' title='bbox 350 1437 660 1534; x_wconf 80' lang='lat' dir='ltr'>Hyginus</span> <span class='ocrx_word' id='word_1_80' title='bbox 711 1439 781 1510; x_wconf 93' lang='lat' dir='ltr'>in</span> <span class='ocrx_word' id='word_1_81' title='bbox 830 1438 1031 1511; x_wconf 84' lang='lat' dir='ltr'>Poet.</span> <span class='ocrx_word' id='word_1_82' title='bbox 1081 1429 1361 1510; x_wconf 49' lang='lat' dir='ltr'>Astron·</span> <span class='ocrx_word' id='word_1_83' title='bbox 1411 1435 1516 1509; x_wconf 92' lang='lat' dir='ltr'>II.</span> <span class='ocrx_word' id='word_1_84' title='bbox 1574 1442 1644 1512; x_wconf 91' lang='lat' dir='ltr'>l.</span> <span class='ocrx_word' id='word_1_85' title='bbox 1698 1444 1767 1508; x_wconf 86' lang='lat' dir='ltr'>et</span> <span class='ocrx_word' id='word_1_86' title='bbox 1816 1441 1890 1511; x_wconf 89' lang='lat'>4.</span> <span class='ocrx_word' id='word_1_87' title='bbox 1941 1446 2191 1529; x_wconf 52' lang='lat' dir='ltr'>narra,</span> <span class='ocrx_word' id='word_1_88' title='bbox 2243 1441 2310 1512; x_wconf 88' lang='lat' dir='ltr'>in</span> <span class='ocrx_word' id='word_1_89' title='bbox 2365 1461 2585 1514; x_wconf 81' lang='lat' dir='ltr'>ursam</span> 
     </span>
     <span class='ocr_line' id='line_1_12' title="bbox 355 1538 2586 1640; baseline 0.002 -29"><span class='ocrx_word' id='word_1_90' title='bbox 355 1548 605 1611; x_wconf 82' lang='lat' dir='ltr'>mutata</span> <span class='ocrx_word' id='word_1_91' title='bbox 655 1564 728 1611; x_wconf 89' lang='lat' dir='ltr'>se</span> <span class='ocrx_word' id='word_1_92' title='bbox 776 1541 847 1612; x_wconf 91' lang='lat' dir='ltr'>in</span> <span class='ocrx_word' id='word_1_93' title='bbox 897 1539 1119 1612; x_wconf 88' lang='lat' dir='ltr'>lucum</span> <span class='ocrx_word' id='word_1_94' title='bbox 1169 1538 1353 1610; x_wconf 85' lang='lat' dir='ltr'>Iovis</span> <span class='ocrx_word' id='word_1_95' title='bbox 1406 1540 1840 1629; x_wconf 83' lang='lat' dir='ltr'>coniecisset,</span> <span class='ocrx_word' id='word_1_96' title='bbox 1906 1540 2119 1612; x_wconf 86' lang='lat' dir='ltr'>inscia</span> <span class='ocrx_word' id='word_1_97' title='bbox 2169 1542 2383 1638; x_wconf 81' lang='lat' dir='ltr'>legis,</span> <span class='ocrx_word' id='word_1_98' title='bbox 2457 1563 2586 1640; x_wconf 78' lang='lat' dir='ltr'>qua</span> 
     </span>
     <span class='ocr_line' id='line_1_13' title="bbox 351 1638 2725 1737; baseline 0.003 -26"><span class='ocrx_word' id='word_1_99' title='bbox 351 1639 425 1711; x_wconf 84' lang='lat' dir='ltr'>id</span> <span class='ocrx_word' id='word_1_100' title='bbox 477 1641 760 1737; x_wconf 87' lang='lat' dir='ltr'>capitale</span> <span class='ocrx_word' id='word_1_101' title='bbox 814 1649 1016 1733; x_wconf 84' lang='lat' dir='ltr'>esset,</span> <span class='ocrx_word' id='word_1_102' title='bbox 1080 1642 1168 1711; x_wconf 78' lang='lat' dir='ltr'>ab</span> <span class='ocrx_word' id='word_1_103' title='bbox 1209 1638 1374 1713; x_wconf 88' lang='lat' dir='ltr'>Iove</span> <span class='ocrx_word' id='word_1_104' title='bbox 1423 1642 1602 1713; x_wconf 88' lang='lat' dir='ltr'>inter</span> <span class='ocrx_word' id='word_1_105' title='bbox 1651 1640 1871 1713; x_wconf 85' lang='lat' dir='ltr'>sidera</span> <span class='ocrx_word' id='word_1_106' title='bbox 1901 1649 2005 1713; x_wconf 88' lang='lat' dir='ltr'>est</span> <span class='ocrx_word' id='word_1_107' title='bbox 2022 1643 2387 1717; x_wconf 81' lang='lat' dir='ltr'>collocata.</span> <span class='ocrx_word' id='word_1_108' title='bbox 2473 1645 2584 1717; x_wconf 89' lang='lat' dir='ltr'>De</span> <span class='ocrx_word' id='word_1_109' title='bbox 2717 1681 2725 1691; x_wconf 73' lang='lat'>=</span> 
     </span>
     <span class='ocr_line' id='line_1_14' title="bbox 356 1741 1330 1840; baseline 0.001 -27"><span class='ocrx_word' id='word_1_110' title='bbox 356 1763 486 1839; x_wconf 85' lang='lat' dir='ltr'>qua</span> <span class='ocrx_word' id='word_1_111' title='bbox 536 1741 709 1840; x_wconf 83' lang='lat' dir='ltr'>quod</span> <span class='ocrx_word' id='word_1_112' title='bbox 758 1741 1090 1815; x_wconf 82' lang='lat' dir='ltr'>Homerus</span> <span class='ocrx_word' id='word_1_113' title='bbox 1144 1742 1330 1833; x_wconf 88' lang='lat' dir='ltr'>dicit,</span> 
     </span>
    </p>
   </div>
   <div class='ocr_carea' id='block_1_3' title="bbox 351 1888 2580 2244">
    <p class='ocr_par' dir='ltr' id='par_1_3' title="bbox 351 1888 2580 2244">
     <span class='ocr_line' id='line_1_15' title="bbox 553 1888 2575 1994; baseline 0.003 -28"><span class='ocrx_word' id='word_1_114' title='bbox 553 1891 669 1989; x_wconf 71' lang='grc' dir='ltr'>ἤτ’</span> <span class='ocrx_word' id='word_1_115' title='bbox 729 1892 964 1968; x_wconf 74' lang='grc' dir='ltr'><strong><em>αὐτοῦ</em></strong></span> <span class='ocrx_word' id='word_1_116' title='bbox 1014 1890 1401 1994; x_wconf 79' lang='grc' dir='ltr'><strong><em>στρέφεται</em></strong></span> <span class='ocrx_word' id='word_1_117' title='bbox 1449 1888 1578 1966; x_wconf 84' lang='grc' dir='ltr'><strong><em>καί</em></strong></span> <span class='ocrx_word' id='word_1_118' title='bbox 1624 1891 1693 1966; x_wconf 73' lang='grc' dir='ltr'>τ’</span> <span class='ocrx_word' id='word_1_119' title='bbox 1740 1891 2075 1988; x_wconf 82' lang='grc' dir='ltr'><strong><em>Ὠρίωνα</em></strong></span> <span class='ocrx_word' id='word_1_120' title='bbox 2128 1892 2438 1985; x_wconf 81' lang='grc' dir='ltr'><strong><em>δοκεύει,</em></strong></span> <span class='ocrx_word' id='word_1_121' title='bbox 2561 1959 2575 1972; x_wconf 81' lang='lat'><strong>.</strong></span> 
     </span>
     <span class='ocr_line' id='line_1_16' title="bbox 557 1988 2200 2094; baseline 0 -26"><span class='ocrx_word' id='word_1_122' title='bbox 557 1998 671 2091; x_wconf 84' lang='grc' dir='ltr'>οἴη</span> <span class='ocrx_word' id='word_1_123' title='bbox 721 1989 796 2090; x_wconf 76' lang='grc' dir='ltr'>δ’</span> <span class='ocrx_word' id='word_1_124' title='bbox 857 1988 1193 2094; x_wconf 81' lang='grc' dir='ltr'><strong><em>ἄμμορός</em></strong></span> <span class='ocrx_word' id='word_1_125' title='bbox 1242 1996 1396 2068; x_wconf 75' lang='grc' dir='ltr'><strong><em>ἐστι</em></strong></span> <span class='ocrx_word' id='word_1_126' title='bbox 1446 2000 1768 2094; x_wconf 77' lang='grc' dir='ltr'><strong><em>λοετρῷν</em></strong></span> <span class='ocrx_word' id='word_1_127' title='bbox 1819 1995 2200 2086; x_wconf 78' lang='grc' dir='ltr'><strong><em>ὠκεανοῖο,</em></strong></span> 
     </span>
     <span class='ocr_line' id='line_1_17' title="bbox 351 2139 2580 2244; baseline 0.002 -26"><span class='ocrx_word' id='word_1_128' title='bbox 351 2143 419 2218; x_wconf 77' lang='lat' dir='ltr'>id</span> <span class='ocrx_word' id='word_1_129' title='bbox 473 2171 667 2244; x_wconf 86' lang='lat' dir='ltr'>quum</span> <span class='ocrx_word' id='word_1_130' title='bbox 717 2147 886 2219; x_wconf 87' lang='lat' dir='ltr'>nihil</span> <span class='ocrx_word' id='word_1_131' title='bbox 936 2146 1115 2220; x_wconf 82' lang='lat' dir='ltr'>aliud</span> <span class='ocrx_word' id='word_1_132' title='bbox 1168 2147 1283 2237; x_wconf 86' lang='lat' dir='ltr'>sit,</span> <span class='ocrx_word' id='word_1_133' title='bbox 1337 2169 1528 2243; x_wconf 84' lang='lat' dir='ltr'>quam</span> <span class='ocrx_word' id='word_1_134' title='bbox 1579 2146 1826 2219; x_wconf 86' lang='lat' dir='ltr'>nullam</span> <span class='ocrx_word' id='word_1_135' title='bbox 1880 2148 2023 2219; x_wconf 85' lang='lat' dir='ltr'>eius</span> <span class='ocrx_word' id='word_1_136' title='bbox 2074 2139 2364 2221; x_wconf 78' lang='lat' dir='ltr'>umbram</span> <span class='ocrx_word' id='word_1_137' title='bbox 2405 2171 2580 2242; x_wconf 78' lang='lat' dir='ltr'>esse,</span> 
     </span>
    </p>
   </div>
   <div class='ocr_carea' id='block_1_4' title="bbox 352 2248 2632 2447">
    <p class='ocr_par' dir='ltr' id='par_1_4' title="bbox 352 2248 2632 2447">
     <span class='ocr_line' id='line_1_18' title="bbox 354 2248 2583 2350; baseline 0 -30"><span class='ocrx_word' id='word_1_138' title='bbox 354 2250 530 2345; x_wconf 84' lang='lat' dir='ltr'>qnod</span> <span class='ocrx_word' id='word_1_139' title='bbox 577 2271 927 2345; x_wconf 83' lang='lat' dir='ltr'>numquam</span> <span class='ocrx_word' id='word_1_140' title='bbox 979 2248 1280 2339; x_wconf 83' lang='lat' dir='ltr'>occidat,</span> <span class='ocrx_word' id='word_1_141' title='bbox 1354 2248 1473 2320; x_wconf 84' lang='lat' dir='ltr'>sed</span> <span class='ocrx_word' id='word_1_142' title='bbox 1539 2269 1801 2345; x_wconf 83' lang='lat' dir='ltr'>semper</span> <span class='ocrx_word' id='word_1_143' title='bbox 1863 2250 1933 2320; x_wconf 90' lang='lat' dir='ltr'>in</span> <span class='ocrx_word' id='word_1_144' title='bbox 1985 2251 2171 2321; x_wconf 87' lang='lat' dir='ltr'>caelo</span> <span class='ocrx_word' id='word_1_145' title='bbox 2226 2252 2583 2350; x_wconf 80' lang='lat' dir='ltr'>conspicua</span> 
     </span>
     <span class='ocr_line' id='line_1_19' title="bbox 352 2345 2632 2447; baseline 0.001 -26"><span class='ocrx_word' id='word_1_146' title='bbox 352 2352 483 2443; x_wconf 82' lang='lat' dir='ltr'>sit,</span> <span class='ocrx_word' id='word_1_147' title='bbox 551 2373 786 2422; x_wconf 79' lang='lat' dir='ltr'>caussa</span> <span class='ocrx_word' id='word_1_148' title='bbox 833 2345 1094 2420; x_wconf 77' lang='lat' dir='ltr'>videtur</span> <span class='ocrx_word' id='word_1_149' title='bbox 1143 2349 1388 2438; x_wconf 80' lang='lat' dir='ltr'>fuisse,</span> <span class='ocrx_word' id='word_1_150' title='bbox 1455 2357 1530 2420; x_wconf 85' lang='lat' dir='ltr'>ut</span> <span class='ocrx_word' id='word_1_151' title='bbox 1579 2348 1943 2444; x_wconf 84' lang='lat' dir='ltr'>fingerent,</span> <span class='ocrx_word' id='word_1_152' title='bbox 1994 2349 2240 2441; x_wconf 85' lang='lat' dir='ltr'>seram,</span> <span class='ocrx_word' id='word_1_153' title='bbox 2294 2375 2458 2447; x_wconf 84' lang='lat' dir='ltr'>quae</span> <span class='ocrx_word' id='word_1_154' title='bbox 2509 2354 2632 2433; x_wconf 78' lang='lat' dir='ltr'>in9</span> 
     </span>
    </p>
   </div>
   <div class='ocr_carea' id='block_1_5' title="bbox 230 2447 2580 2547">
    <p class='ocr_par' dir='ltr' id='par_1_5' title="bbox 230 2447 2580 2547">
     <span class='ocr_line' id='line_1_20' title="bbox 230 2447 2580 2547; baseline -0.001 -21"><span class='ocrx_word' id='word_1_155' title='bbox 230 2507 240 2526; x_wconf 77' lang='grc'><strong>.</strong></span> <span class='ocrx_word' id='word_1_156' title='bbox 351 2450 611 2547; x_wconf 82' lang='lat' dir='ltr'>Lycaei</span> <span class='ocrx_word' id='word_1_157' title='bbox 659 2449 846 2523; x_wconf 83' lang='lat' dir='ltr'>Iovis</span> <span class='ocrx_word' id='word_1_158' title='bbox 909 2450 1128 2522; x_wconf 88' lang='lat' dir='ltr'>lucum</span> <span class='ocrx_word' id='word_1_159' title='bbox 1181 2447 1630 2545; x_wconf 82' lang='lat' dir='ltr'>confugisset,</span> <span class='ocrx_word' id='word_1_160' title='bbox 1698 2450 1926 2520; x_wconf 85' lang='lat' dir='ltr'>umbra</span> <span class='ocrx_word' id='word_1_161' title='bbox 1979 2473 2125 2522; x_wconf 89' lang='lat' dir='ltr'>esse</span> <span class='ocrx_word' id='word_1_162' title='bbox 2179 2451 2580 2524; x_wconf 85' lang='lat' dir='ltr'>destitutam.</span> 
     </span>
    </p>
   </div>
   <div class='ocr_carea' id='block_1_6' title="bbox 351 2547 2582 3306">
    <p class='ocr_par' dir='ltr' id='par_1_6' title="bbox 351 2547 2582 3306">
     <span class='ocr_line' id='line_1_21' title="bbox 351 2547 2582 2648; baseline 0 -23"><span class='ocrx_word' id='word_1_163' title='bbox 351 2551 540 2625; x_wconf 85' lang='lat' dir='ltr'>Nihil</span> <span class='ocrx_word' id='word_1_164' title='bbox 592 2559 773 2648; x_wconf 80' lang='lat' dir='ltr'>agat,</span> <span class='ocrx_word' id='word_1_165' title='bbox 826 2551 964 2648; x_wconf 86' lang='lat' dir='ltr'>qui,</span> <span class='ocrx_word' id='word_1_166' title='bbox 1016 2560 1091 2623; x_wconf 86' lang='lat' dir='ltr'>ut</span> <span class='ocrx_word' id='word_1_167' title='bbox 1121 2549 1459 2646; x_wconf 84' lang='lat' dir='ltr'>Lycaeum</span> <span class='ocrx_word' id='word_1_168' title='bbox 1509 2547 1738 2622; x_wconf 82' lang='lat' dir='ltr'>Iovem</span> <span class='ocrx_word' id='word_1_169' title='bbox 1774 2549 1853 2622; x_wconf 82' lang='lat' dir='ltr'>ab</span> <span class='ocrx_word' id='word_1_170' title='bbox 1894 2552 2051 2622; x_wconf 82' lang='lat' dir='ltr'>luna</span> <span class='ocrx_word' id='word_1_171' title='bbox 2079 2552 2322 2625; x_wconf 80' lang='lat' dir='ltr'>dictum</span> <span class='ocrx_word' id='word_1_172' title='bbox 2355 2562 2582 2626; x_wconf 83' lang='lat' dir='ltr'>osten-</span> 
     </span>
     <span class='ocr_line' id='line_1_22' title="bbox 352 2649 2580 2749; baseline 0.001 -23"><span class='ocrx_word' id='word_1_173' title='bbox 352 2654 494 2745; x_wconf 79' lang='lat' dir='ltr'>dat,</span> <span class='ocrx_word' id='word_1_174' title='bbox 545 2653 799 2726; x_wconf 85' lang='lat' dir='ltr'>Achaei</span> <span class='ocrx_word' id='word_1_175' title='bbox 853 2652 1145 2724; x_wconf 83' lang='lat' dir='ltr'>versibus</span> <span class='ocrx_word' id='word_1_176' title='bbox 1189 2651 1361 2748; x_wconf 82' lang='lat' dir='ltr'>apud</span> <span class='ocrx_word' id='word_1_177' title='bbox 1397 2649 1828 2724; x_wconf 86' lang='lat' dir='ltr'>scholiastam·</span> <span class='ocrx_word' id='word_1_178' title='bbox 1850 2650 2198 2749; x_wconf 80' lang='lat' dir='ltr'>Euripidis</span> <span class='ocrx_word' id='word_1_179' title='bbox 2231 2654 2314 2726; x_wconf 85' lang='lat' dir='ltr'>ad</span> <span class='ocrx_word' id='word_1_180' title='bbox 2345 2652 2580 2728; x_wconf 67' lang='lat' dir='ltr'>Orest-</span> 
     </span>
     <span class='ocr_line' id='line_1_23' title="bbox 354 2751 1919 2847; baseline -0.004 -16"><span class='ocrx_word' id='word_1_181' title='bbox 354 2760 530 2831; x_wconf 80' lang='lat'><strong>373.</strong></span> <span class='ocrx_word' id='word_1_182' title='bbox 581 2751 826 2846; x_wconf 45' lang='lat' dir='ltr'>utatur.</span> <span class='ocrx_word' id='word_1_183' title='bbox 881 2755 1006 2847; x_wconf 86' lang='lat' dir='ltr'>sic,</span> <span class='ocrx_word' id='word_1_184' title='bbox 1058 2753 1188 2826; x_wconf 86' lang='lat' dir='ltr'>nisi</span> <span class='ocrx_word' id='word_1_185' title='bbox 1237 2752 1461 2845; x_wconf 81' lang='lat' dir='ltr'>fallor,</span> <span class='ocrx_word' id='word_1_186' title='bbox 1515 2753 1919 2825; x_wconf 75' lang='lat' dir='ltr'>scribendisz</span> 
     </span>
     <span class='ocr_line' id='line_1_24' title="bbox 1560 2902 2136 3000; baseline -0.002 -23"><span class='ocrx_word' id='word_1_187' title='bbox 1560 2902 1690 2977; x_wconf 86' lang='grc' dir='ltr'><strong><em>καὶ</em></strong></span> <span class='ocrx_word' id='word_1_188' title='bbox 1738 2907 1884 3000; x_wconf 75' lang='grc' dir='ltr'>νῦν</span> <span class='ocrx_word' id='word_1_189' title='bbox 1930 2902 2136 2999; x_wconf 82' lang='grc' dir='ltr'><strong><em>ἡμεῖς</em></strong></span> 
     </span>
     <span class='ocr_line' id='line_1_25' title="bbox 584 3001 2042 3106; baseline -0.002 -26"><span class='ocrx_word' id='word_1_190' title='bbox 584 3041 592 3058; x_wconf 88' lang='grc'><em>·</em></span> <span class='ocrx_word' id='word_1_191' title='bbox 655 3003 886 3080; x_wconf 77' lang='grc' dir='ltr'><strong><em>ἱκέται</em></strong></span> <span class='ocrx_word' id='word_1_192' title='bbox 933 3034 1012 3078; x_wconf 86' lang='grc' dir='ltr'><strong><em>τε</em></strong></span> <span class='ocrx_word' id='word_1_193' title='bbox 1059 3007 1270 3079; x_wconf 76' lang='grc' dir='ltr'><strong><em>θεῶν</em></strong></span> <span class='ocrx_word' id='word_1_194' title='bbox 1318 3001 1649 3087; x_wconf 77' lang='grc' dir='ltr'><strong><em>θαλλούς</em></strong></span> <span class='ocrx_word' id='word_1_195' title='bbox 1696 3033 1774 3077; x_wconf 89' lang='grc' dir='ltr'><strong><em>τε</em></strong></span> <span class='ocrx_word' id='word_1_196' title='bbox 1822 3003 2042 3106; x_wconf 75' lang='grc' dir='ltr'><strong><em>γέρας</em></strong></span> 
     </span>
     <span class='ocr_line' id='line_1_26' title="bbox 652 3103 2282 3203; baseline -0.002 -21"><span class='ocrx_word' id='word_1_197' title='bbox 652 3107 966 3203; x_wconf 75' lang='grc' dir='ltr'><strong><em>τίθεμεν</em></strong></span> <span class='ocrx_word' id='word_1_198' title='bbox 1014 3103 1157 3200; x_wconf 82' lang='grc' dir='ltr'>πρὸ</span> <span class='ocrx_word' id='word_1_199' title='bbox 1206 3104 1465 3182; x_wconf 78' lang='grc' dir='ltr'><strong><em>ποδῶν</em></strong></span> <span class='ocrx_word' id='word_1_200' title='bbox 1512 3112 1671 3180; x_wconf 82' lang='grc' dir='ltr'><strong><em>τῶν</em></strong></span> <span class='ocrx_word' id='word_1_201' title='bbox 1719 3112 1877 3180; x_wconf 79' lang='grc' dir='ltr'><strong><em>σῶν</em></strong></span> <span class='ocrx_word' id='word_1_202' title='bbox 1925 3110 2134 3201; x_wconf 78' lang='grc' dir='ltr'><strong><em>λῆξαι</em></strong></span> <span class='ocrx_word' id='word_1_203' title='bbox 2275 3119 2282 3125; x_wconf 82' lang='grc'><em>’</em></span> 
     </span>
     <span class='ocr_line' id='line_1_27' title="bbox 620 3203 1888 3306; baseline -0.003 -22"><span class='ocrx_word' id='word_1_204' title='bbox 620 3216 787 3306; x_wconf 72' lang='grc' dir='ltr'>Ιτῆς</span> <span class='ocrx_word' id='word_1_205' title='bbox 838 3203 1250 3305; x_wconf 87' lang='grc' dir='ltr'><strong><em>ἆστερόπου</em></strong></span> <span class='ocrx_word' id='word_1_206' title='bbox 1299 3205 1543 3305; x_wconf 84' lang='grc' dir='ltr'><strong><em>Ζηνὸς</em></strong></span> <span class='ocrx_word' id='word_1_207' title='bbox 1589 3205 1888 3290; x_wconf 77' lang='grc' dir='ltr'><strong><em>θυσίας.</em></strong></span> 
     </span>
    </p>
   </div>
   <div class='ocr_carea' id='block_1_7' title="bbox 342 3355 2574 3459">
    <p class='ocr_par' dir='ltr' id='par_1_7' title="bbox 342 3355 2574 3459">
     <span class='ocr_line' id='line_1_28' title="bbox 342 3355 2574 3459; baseline -0.001 -21"><span class='ocrx_word' id='word_1_208' title='bbox 342 3355 811 3459; x_wconf 81' lang='grc' dir='ltr'><strong><em>Ἀστερόπου,</em></strong></span> <span class='ocrx_word' id='word_1_209' title='bbox 861 3385 994 3434; x_wconf 89' lang='lat' dir='ltr'>non</span> <span class='ocrx_word' id='word_1_210' title='bbox 1025 3360 1462 3452; x_wconf 80' lang='grc' dir='ltr'><strong><em>ἅστεροποῦ,</em></strong></span> <span class='ocrx_word' id='word_1_211' title='bbox 1515 3358 1927 3432; x_wconf 78' lang='lat' dir='ltr'>scribendum</span> <span class='ocrx_word' id='word_1_212' title='bbox 1959 3357 2165 3431; x_wconf 71' lang='lat' dir='ltr'>fuisse</span> <span class='ocrx_word' id='word_1_213' title='bbox 2206 3367 2574 3435; x_wconf 78' lang='lat' dir='ltr'>monstrare</span> 
     </span>
    </p>
   </div>
   <div class='ocr_carea' id='block_1_8' title="bbox 354 3463 2576 3867">
    <p class='ocr_par' dir='ltr' id='par_1_8' title="bbox 354 3463 1511 3562">
     <span class='ocr_line' id='line_1_29' title="bbox 354 3463 1511 3562; baseline -0.003 -26"><span class='ocrx_word' id='word_1_214' title='bbox 354 3472 677 3562; x_wconf 36' lang='lat' dir='ltr'>potuerat!</span> <span class='ocrx_word' id='word_1_215' title='bbox 709 3463 1038 3535; x_wconf 84' lang='lat' dir='ltr'>Arcadius</span> <span class='ocrx_word' id='word_1_216' title='bbox 1090 3486 1160 3559; x_wconf 85' lang='lat' dir='ltr'>p.</span> <span class='ocrx_word' id='word_1_217' title='bbox 1211 3465 1337 3553; x_wconf 82' lang='grc'><strong><em>67,</em></strong></span> <span class='ocrx_word' id='word_1_218' title='bbox 1394 3465 1511 3535; x_wconf 82' lang='grc'>13.</span> 
     </span>
    </p>

    <p class='ocr_par' dir='ltr' id='par_1_9' title="bbox 357 3561 2576 3867">
     <span class='ocr_line' id='line_1_30' title="bbox 557 3561 2575 3661; baseline 0.001 -26"><span class='ocrx_word' id='word_1_219' title='bbox 557 3563 784 3661; x_wconf 86' lang='lat' dir='ltr'>Pergo</span> <span class='ocrx_word' id='word_1_220' title='bbox 850 3564 933 3635; x_wconf 85' lang='lat' dir='ltr'>ad</span> <span class='ocrx_word' id='word_1_221' title='bbox 997 3563 1168 3654; x_wconf 85' lang='lat' dir='ltr'>alia,</span> <span class='ocrx_word' id='word_1_222' title='bbox 1252 3585 1417 3659; x_wconf 87' lang='lat' dir='ltr'>quae</span> <span class='ocrx_word' id='word_1_223' title='bbox 1480 3563 1549 3636; x_wconf 89' lang='lat' dir='ltr'>iu</span> <span class='ocrx_word' id='word_1_224' title='bbox 1613 3561 1930 3659; x_wconf 86' lang='lat' dir='ltr'>Apolline</span> <span class='ocrx_word' id='word_1_225' title='bbox 1997 3583 2362 3658; x_wconf 85' lang='lat' dir='ltr'>congruere</span> <span class='ocrx_word' id='word_1_226' title='bbox 2426 3585 2575 3637; x_wconf 88' lang='lat' dir='ltr'>cum</span> 
     </span>
     <span class='ocr_line' id='line_1_31' title="bbox 357 3663 2576 3761; baseline -0.001 -21"><span class='ocrx_word' id='word_1_227' title='bbox 357 3667 502 3740; x_wconf 86' lang='lat' dir='ltr'>sole</span> <span class='ocrx_word' id='word_1_228' title='bbox 559 3664 879 3737; x_wconf 84' lang='lat' dir='ltr'>videntur.</span> <span class='ocrx_word' id='word_1_229' title='bbox 979 3663 1403 3737; x_wconf 88' lang='lat' dir='ltr'>Novilunium</span> <span class='ocrx_word' id='word_1_230' title='bbox 1454 3686 1651 3761; x_wconf 86' lang='lat' dir='ltr'>quum</span> <span class='ocrx_word' id='word_1_231' title='bbox 1680 3664 1976 3736; x_wconf 87' lang='lat' dir='ltr'>omnibus</span> <span class='ocrx_word' id='word_1_232' title='bbox 2007 3663 2159 3755; x_wconf 84' lang='lat' dir='ltr'>diis,</span> <span class='ocrx_word' id='word_1_233' title='bbox 2212 3671 2350 3735; x_wconf 86' lang='lat' dir='ltr'>tum</span> <span class='ocrx_word' id='word_1_234' title='bbox 2375 3688 2576 3761; x_wconf 87' lang='lat' dir='ltr'>prae-</span> 
     </span>
     <span class='ocr_line' id='line_1_32' title="bbox 357 3763 2576 3867; baseline -0.001 -26"><span class='ocrx_word' id='word_1_235' title='bbox 357 3770 550 3867; x_wconf 88' lang='lat' dir='ltr'>cipue</span> <span class='ocrx_word' id='word_1_236' title='bbox 599 3766 903 3863; x_wconf 88' lang='lat' dir='ltr'>Apollini</span> <span class='ocrx_word' id='word_1_237' title='bbox 952 3774 1094 3838; x_wconf 86' lang='lat' dir='ltr'>erat</span> <span class='ocrx_word' id='word_1_238' title='bbox 1144 3775 1591 3839; x_wconf 87' lang='lat' dir='ltr'>consecratum</span> <span class='ocrx_word' id='word_1_239' title='bbox 1610 3818 1634 3856; x_wconf 87' lang='lat'>‚</span> <span class='ocrx_word' id='word_1_240' title='bbox 1690 3766 1879 3862; x_wconf 84' lang='lat' dir='ltr'>quia,</span> <span class='ocrx_word' id='word_1_241' title='bbox 1938 3772 2013 3836; x_wconf 87' lang='lat' dir='ltr'>ut</span> <span class='ocrx_word' id='word_1_242' title='bbox 2064 3763 2321 3860; x_wconf 86' lang='lat' dir='ltr'>quidem</span> <span class='ocrx_word' id='word_1_243' title='bbox 2373 3766 2576 3839; x_wconf 86' lang='lat' dir='ltr'>scho-</span> 
     </span>
    </p>
   </div>
   <div class='ocr_carea' id='block_1_9' title="bbox 171 3865 2570 3961">
    <p class='ocr_par' dir='ltr' id='par_1_10' title="bbox 171 3865 2570 3961">
     <span class='ocr_line' id='line_1_33' title="bbox 171 3865 2570 3961; baseline -0 -19"><span class='ocrx_word' id='word_1_244' title='bbox 171 3913 217 3946; x_wconf 76' lang='lat'>·,</span> <span class='ocrx_word' id='word_1_245' title='bbox 355 3872 587 3943; x_wconf 86' lang='lat' dir='ltr'>liastes</span> <span class='ocrx_word' id='word_1_246' title='bbox 638 3868 918 3942; x_wconf 90' lang='lat' dir='ltr'>Homeri</span> <span class='ocrx_word' id='word_1_247' title='bbox 967 3868 1047 3939; x_wconf 85' lang='lat' dir='ltr'>ad</span> <span class='ocrx_word' id='word_1_248' title='bbox 1103 3865 1240 3940; x_wconf 86' lang='lat' dir='ltr'>Od.</span> <span class='ocrx_word' id='word_1_249' title='bbox 1291 3867 1472 3939; x_wconf 89' lang='lat' dir='ltr'>XX.</span> <span class='ocrx_word' id='word_1_250' title='bbox 1531 3867 1702 3942; x_wconf 85' lang='lat'><strong>155.</strong></span> <span class='ocrx_word' id='word_1_251' title='bbox 1756 3889 1842 3937; x_wconf 86' lang='lat' dir='ltr'>ex</span> <span class='ocrx_word' id='word_1_252' title='bbox 1881 3865 2295 3958; x_wconf 37' lang='lat' dir='ltr'>Philochoro,</span> <span class='ocrx_word' id='word_1_253' title='bbox 2338 3868 2570 3961; x_wconf 86' lang='lat' dir='ltr'>refert,</span> 
     </span>
    </p>
   </div>
   <div class='ocr_carea' id='block_1_10' title="bbox 356 3962 2656 4475">
    <p class='ocr_par' dir='ltr' id='par_1_11' title="bbox 356 3962 2656 4475">
     <span class='ocr_line' id='line_1_34' title="bbox 359 3962 2575 4066; baseline -0.001 -22"><span class='ocrx_word' id='word_1_254' title='bbox 359 3979 864 4045; x_wconf 79' lang='lat' dir='ltr'>consentaneum</span> <span class='ocrx_word' id='word_1_255' title='bbox 928 3970 1017 4042; x_wconf 82' lang='lat' dir='ltr'>sit</span> <span class='ocrx_word' id='word_1_256' title='bbox 1077 3967 1165 4042; x_wconf 82' lang='grc' dir='ltr'>τὸ</span> <span class='ocrx_word' id='word_1_257' title='bbox 1229 3975 1527 4066; x_wconf 80' lang='grc' dir='ltr'><strong><em>πρῶτον</em></strong></span> <span class='ocrx_word' id='word_1_258' title='bbox 1591 3975 1756 4065; x_wconf 79' lang='grc' dir='ltr'>φῶς</span> <span class='ocrx_word' id='word_1_259' title='bbox 1818 3975 1923 4063; x_wconf 75' lang='grc' dir='ltr'>τῷ</span> <span class='ocrx_word' id='word_1_260' title='bbox 1977 3962 2389 4065; x_wconf 70' lang='grc' dir='ltr'><strong><em>αἰτιωτάτῳ</em></strong></span> <span class='ocrx_word' id='word_1_261' title='bbox 2437 3975 2575 4042; x_wconf 86' lang='grc' dir='ltr'>τοῦ</span> 
     </span>
     <span class='ocr_line' id='line_1_35' title="bbox 357 4068 2573 4168; baseline -0.002 -22"><span class='ocrx_word' id='word_1_262' title='bbox 357 4070 588 4168; x_wconf 86' lang='grc' dir='ltr'><strong><em>πυρὸς</em></strong></span> <span class='ocrx_word' id='word_1_263' title='bbox 638 4073 870 4145; x_wconf 82' lang='lat' dir='ltr'>dicari.</span> <span class='ocrx_word' id='word_1_264' title='bbox 969 4069 1069 4143; x_wconf 88' lang='lat' dir='ltr'>V.</span> <span class='ocrx_word' id='word_1_265' title='bbox 1121 4070 1510 4143; x_wconf 84' lang='lat' dir='ltr'>Philochori</span> <span class='ocrx_word' id='word_1_266' title='bbox 1565 4071 1652 4142; x_wconf 88' lang='lat' dir='ltr'>fr.</span> <span class='ocrx_word' id='word_1_267' title='bbox 1705 4094 1775 4167; x_wconf 89' lang='lat' dir='ltr'>p.</span> <span class='ocrx_word' id='word_1_268' title='bbox 1827 4070 1952 4144; x_wconf 80' lang='lat'>93.</span> <span class='ocrx_word' id='word_1_269' title='bbox 2054 4068 2447 4141; x_wconf 80' lang='lat' dir='ltr'>Eustathius</span> <span class='ocrx_word' id='word_1_270' title='bbox 2497 4095 2573 4167; x_wconf 88' lang='lat' dir='ltr'>p.</span> 
     </span>
     <span class='ocr_line' id='line_1_36' title="bbox 361 4165 2573 4273; baseline -0.003 -24"><span class='ocrx_word' id='word_1_271' title='bbox 361 4178 582 4266; x_wconf 79' lang='lat'>1887,</span> <span class='ocrx_word' id='word_1_272' title='bbox 636 4178 759 4249; x_wconf 89' lang='lat'>22.</span> <span class='ocrx_word' id='word_1_273' title='bbox 810 4170 1165 4270; x_wconf 84' lang='grc' dir='ltr'><strong><em>νεομηνία</em></strong></span> <span class='ocrx_word' id='word_1_274' title='bbox 1213 4168 1359 4273; x_wconf 77' lang='grc' dir='ltr'>γὰρ</span> <span class='ocrx_word' id='word_1_275' title='bbox 1409 4170 1457 4267; x_wconf 80' lang='grc' dir='ltr'>ἡ</span> <span class='ocrx_word' id='word_1_276' title='bbox 1506 4169 1769 4268; x_wconf 78' lang='grc' dir='ltr'><strong><em>ἡμέρα,</em></strong></span> <span class='ocrx_word' id='word_1_277' title='bbox 1823 4169 1923 4253; x_wconf 76' lang='grc' dir='ltr'>ὥς</span> <span class='ocrx_word' id='word_1_278' title='bbox 1971 4170 2257 4266; x_wconf 52' lang='lat' dir='ltr'>effe-977,</span> <span class='ocrx_word' id='word_1_279' title='bbox 2311 4165 2573 4245; x_wconf 81' lang='grc' dir='ltr'><strong><em>Ἀπόλ-</em></strong></span> 
     </span>
     <span class='ocr_line' id='line_1_37' title="bbox 356 4268 2656 4373; baseline -0.001 -23"><span class='ocrx_word' id='word_1_280' title='bbox 356 4283 591 4357; x_wconf 83' lang='grc' dir='ltr'><strong><em>λωνος</em></strong></span> <span class='ocrx_word' id='word_1_281' title='bbox 637 4270 822 4373; x_wconf 82' lang='grc' dir='ltr'><strong><em>ἱερά,</em></strong></span> <span class='ocrx_word' id='word_1_282' title='bbox 871 4273 1249 4349; x_wconf 77' lang='grc' dir='ltr'><strong><em>τουτέστιν</em></strong></span> <span class='ocrx_word' id='word_1_283' title='bbox 1295 4270 1533 4370; x_wconf 80' lang='grc' dir='ltr'><strong><em>ἡλίου,</em></strong></span> <span class='ocrx_word' id='word_1_284' title='bbox 1586 4272 1667 4357; x_wconf 83' lang='grc' dir='ltr'>ὃς</span> <span class='ocrx_word' id='word_1_285' title='bbox 1710 4276 1938 4354; x_wconf 77' lang='grc' dir='ltr'><strong><em>αἴτιος</em></strong></span> <span class='ocrx_word' id='word_1_286' title='bbox 1969 4268 2360 4368; x_wconf 82' lang='grc' dir='ltr'><strong><em>νεομηνίας</em></strong></span> <span class='ocrx_word' id='word_1_287' title='bbox 2393 4292 2573 4372; x_wconf 49' lang='grc' dir='ltr'><strong><em>συνή-</em></strong></span> <span class='ocrx_word' id='word_1_288' title='bbox 2647 4341 2656 4354; x_wconf 22' lang='lat' dir='ltr'>x</span> 
     </span>
     <span class='ocr_line' id='line_1_38' title="bbox 358 4368 2571 4475; baseline -0.001 -23"><span class='ocrx_word' id='word_1_289' title='bbox 358 4372 645 4454; x_wconf 79' lang='grc' dir='ltr'><strong><em>οδεύων</em></strong></span> <span class='ocrx_word' id='word_1_290' title='bbox 688 4384 1093 4475; x_wconf 83' lang='grc' dir='ltr'><strong><em>τηνικαῦτα</em></strong></span> <span class='ocrx_word' id='word_1_291' title='bbox 1144 4383 1236 4473; x_wconf 83' lang='grc' dir='ltr'>τῇ</span> <span class='ocrx_word' id='word_1_292' title='bbox 1295 4368 1582 4473; x_wconf 57' lang='grc' dir='ltr'><strong><em>σελήνῃ.</em></strong></span> <span class='ocrx_word' id='word_1_293' title='bbox 1705 4373 2118 4451; x_wconf 83' lang='lat' dir='ltr'>Scholiastes</span> <span class='ocrx_word' id='word_1_294' title='bbox 2171 4373 2571 4472; x_wconf 78' lang='lat' dir='ltr'>Aristopha-</span> 
     </span>
    </p>
   </div>
  </div>
 </body>
</html>
