<?xml version="1.0" encoding="UTF-8"?>
<!DOCTYPE html PUBLIC "-//W3C//DTD XHTML 1.0 Transitional//EN"
    "http://www.w3.org/TR/xhtml1/DTD/xhtml1-transitional.dtd">
<html xmlns="http://www.w3.org/1999/xhtml" xml:lang="en" lang="en">
 <head>
  <title>
</title>
<meta http-equiv="Content-Type" content="text/html;charset=utf-8" />
  <meta name='ocr-system' content='tesseract 3.04.00' />
  <meta name='ocr-capabilities' content='ocr_page ocr_carea ocr_par ocr_line ocrx_word'/>
</head>
<body>
  <div class='ocr_page' id='page_1' title='image "./godofrediherman00fritgoog_0195.png"; bbox 0 0 3192 4992; ppageno 0'>
   <div class='ocr_carea' id='block_1_1' title="bbox 1709 144 1719 174">
    <p class='ocr_par' dir='ltr' id='par_1_1' title="bbox 1709 144 1719 174">
     <span class='ocr_line' id='line_1_1' title="bbox 1709 144 1719 174; baseline 0 0"><span class='ocrx_word' id='word_1_1' title='bbox 1709 144 1719 174; x_wconf 73' lang='lat' dir='ltr'><strong>l</strong></span> 
     </span>
    </p>
   </div>
   <div class='ocr_carea' id='block_1_2' title="bbox 695 311 2627 456">
    <p class='ocr_par' dir='ltr' id='par_1_2' title="bbox 695 311 2627 456">
     <span class='ocr_line' id='line_1_2' title="bbox 695 311 2627 456; baseline 0.005 -44"><span class='ocrx_word' id='word_1_2' title='bbox 695 387 706 392; x_wconf 86' lang='lat'>-</span> <span class='ocrx_word' id='word_1_3' title='bbox 753 311 853 413; x_wconf 68' lang='lat' dir='ltr'><strong>os</strong></span> <span class='ocrx_word' id='word_1_4' title='bbox 894 350 1193 414; x_wconf 79' lang='lat' dir='ltr'><strong>DUABUS</strong></span> <span class='ocrx_word' id='word_1_5' title='bbox 1233 354 1877 417; x_wconf 73' lang='lat' dir='ltr'><strong>mscmPTloNfflus</strong></span> <span class='ocrx_word' id='word_1_6' title='bbox 1919 356 2250 418; x_wconf 65' lang='grc' dir='ltr'>οιιΑΕοιΒ.</span> <span class='ocrx_word' id='word_1_7' title='bbox 2487 353 2627 456; x_wconf 67' lang='lat'><strong>183¹</strong></span> 
     </span>
    </p>
   </div>
   <div class='ocr_carea' id='block_1_3' title="bbox 360 518 2645 2141">
    <p class='ocr_par' dir='ltr' id='par_1_3' title="bbox 360 518 2645 2141">
     <span class='ocr_line' id='line_1_3' title="bbox 588 518 2613 618; baseline 0.003 -26"><span class='ocrx_word' id='word_1_8' title='bbox 588 518 727 592; x_wconf 88' lang='lat' dir='ltr'><strong>Sed</strong></span> <span class='ocrx_word' id='word_1_9' title='bbox 779 526 1044 616; x_wconf 82' lang='lat' dir='ltr'><strong>oportet</strong></span> <span class='ocrx_word' id='word_1_10' title='bbox 1092 544 1198 591; x_wconf 89' lang='lat' dir='ltr'><strong>me</strong></span> <span class='ocrx_word' id='word_1_11' title='bbox 1234 520 1482 616; x_wconf 85' lang='lat' dir='ltr'><strong>aliquid</strong></span> <span class='ocrx_word' id='word_1_12' title='bbox 1517 519 1901 593; x_wconf 57' lang='lat' dir='ltr'><strong>bis“addere</strong></span> <span class='ocrx_word' id='word_1_13' title='bbox 1940 523 2316 618; x_wconf 83' lang='lat' dir='ltr'><strong>explicandi</strong></span> <span class='ocrx_word' id='word_1_14' title='bbox 2348 549 2613 599; x_wconf 75' lang='lat' dir='ltr'><strong>caussa.-</strong></span> 
     </span>
     <span class='ocr_line' id='line_1_4' title="bbox 383 620 2601 720; baseline 0.002 -28"><span class='ocrx_word' id='word_1_15' title='bbox 383 620 489 694; x_wconf 87' lang='lat' dir='ltr'><strong>Ac</strong></span> <span class='ocrx_word' id='word_1_16' title='bbox 535 622 813 716; x_wconf 87' lang='lat' dir='ltr'><strong>primum</strong></span> <span class='ocrx_word' id='word_1_17' title='bbox 876 646 959 693; x_wconf 83' lang='lat' dir='ltr'><strong>ne</strong></span> <span class='ocrx_word' id='word_1_18' title='bbox 1029 622 1176 717; x_wconf 88' lang='lat' dir='ltr'><strong>quis</strong></span> <span class='ocrx_word' id='word_1_19' title='bbox 1227 623 1502 693; x_wconf 84' lang='lat' dir='ltr'><strong>miretur</strong></span> <span class='ocrx_word' id='word_1_20' title='bbox 1550 622 2102 718; x_wconf 87' lang='lat' dir='ltr'><strong>hoplitodromum</strong></span> <span class='ocrx_word' id='word_1_21' title='bbox 2169 627 2250 698; x_wconf 78' lang='grc' dir='ltr'><strong>ἐν</strong></span> <span class='ocrx_word' id='word_1_22' title='bbox 2298 624 2601 720; x_wconf 54' lang='lat' dir='ltr'><strong>masam,</strong></span> 
     </span>
     <span class='ocr_line' id='line_1_5' title="bbox 382 722 2602 819; baseline 0.003 -25"><span class='ocrx_word' id='word_1_23' title='bbox 382 724 784 815; x_wconf 83' lang='lat' dir='ltr'><strong>meminerit,</strong></span> <span class='ocrx_word' id='word_1_24' title='bbox 850 722 981 795; x_wconf 86' lang='lat' dir='ltr'><strong>boc</strong></span> <span class='ocrx_word' id='word_1_25' title='bbox 1046 747 1255 819; x_wconf 84' lang='lat' dir='ltr'><strong>genus</strong></span> <span class='ocrx_word' id='word_1_26' title='bbox 1308 725 1684 795; x_wconf 82' lang='lat' dir='ltr'><strong>certaminis</strong></span> <span class='ocrx_word' id='word_1_27' title='bbox 1749 723 1887 795; x_wconf 89' lang='lat' dir='ltr'><strong>fere</strong></span> <span class='ocrx_word' id='word_1_28' title='bbox 1941 749 2019 797; x_wconf 92' lang='lat' dir='ltr'><strong>eo</strong></span> <span class='ocrx_word' id='word_1_29' title='bbox 2074 727 2477 819; x_wconf 77' lang='lat' dir='ltr'><strong>constitisse,</strong></span> <span class='ocrx_word' id='word_1_30' title='bbox 2527 739 2602 801; x_wconf 89' lang='lat' dir='ltr'><strong>ut</strong></span> 
     </span>
     <span class='ocr_line' id='line_1_6' title="bbox 380 817 2603 921; baseline 0.003 -26"><span class='ocrx_word' id='word_1_31' title='bbox 380 848 525 895; x_wconf 87' lang='lat' dir='ltr'><strong>cum</strong></span> <span class='ocrx_word' id='word_1_32' title='bbox 578 825 795 921; x_wconf 88' lang='lat' dir='ltr'><strong>clipeo</strong></span> <span class='ocrx_word' id='word_1_33' title='bbox 862 836 1227 896; x_wconf 89' lang='lat' dir='ltr'><strong>currerent.</strong></span> <span class='ocrx_word' id='word_1_34' title='bbox 1328 824 1565 921; x_wconf 86' lang='lat' dir='ltr'><strong>Itaque</strong></span> <span class='ocrx_word' id='word_1_35' title='bbox 1615 823 1982 898; x_wconf 74' lang='lat' dir='ltr'><strong>Pausanias</strong></span> <span class='ocrx_word' id='word_1_36' title='bbox 2033 825 2130 898; x_wconf 90' lang='lat' dir='ltr'><strong>V.</strong></span> <span class='ocrx_word' id='word_1_37' title='bbox 2184 831 2258 918; x_wconf 83' lang='grc'><strong>8,</strong></span> <span class='ocrx_word' id='word_1_38' title='bbox 2317 817 2436 902; x_wconf 85' lang='grc'><strong>10.</strong></span> <span class='ocrx_word' id='word_1_39' title='bbox 2489 829 2603 901; x_wconf 89' lang='lat' dir='ltr'><strong>ubi</strong></span> 
     </span>
     <span class='ocr_line' id='line_1_7' title="bbox 375 925 2603 1021; baseline 0.004 -26"><span class='ocrx_word' id='word_1_40' title='bbox 375 925 583 996; x_wconf 82' lang='lat' dir='ltr'><strong>refert</strong></span> <span class='ocrx_word' id='word_1_41' title='bbox 634 926 893 1021; x_wconf 85' lang='lat' dir='ltr'><strong>quando</strong></span> <span class='ocrx_word' id='word_1_42' title='bbox 945 927 1220 1021; x_wconf 89' lang='lat' dir='ltr'><strong>primum</strong></span> <span class='ocrx_word' id='word_1_43' title='bbox 1275 926 1375 997; x_wconf 89' lang='lat' dir='ltr'><strong>sic</strong></span> <span class='ocrx_word' id='word_1_44' title='bbox 1425 925 1774 1021; x_wconf 77' lang='lat' dir='ltr'><strong>Olympiae</strong></span> <span class='ocrx_word' id='word_1_45' title='bbox 1829 930 2147 998; x_wconf 83' lang='lat' dir='ltr'><strong>certatum</strong></span> <span class='ocrx_word' id='word_1_46' title='bbox 2197 928 2432 1021; x_wconf 85' lang='lat' dir='ltr'><strong>fuerit,</strong></span> <span class='ocrx_word' id='word_1_47' title='bbox 2502 931 2603 1004; x_wconf 87' lang='lat' dir='ltr'><strong>sic</strong></span> 
     </span>
     <span class='ocr_line' id='line_1_8' title="bbox 376 1004 2601 1125; baseline 0.004 -28"><span class='ocrx_word' id='word_1_48' title='bbox 376 1027 644 1099; x_wconf 86' lang='lat' dir='ltr'><strong>scribit·</strong></span> <span class='ocrx_word' id='word_1_49' title='bbox 716 1033 876 1101; x_wconf 80' lang='grc' dir='ltr'><strong>τῶν</strong></span> <span class='ocrx_word' id='word_1_50' title='bbox 940 1024 1021 1101; x_wconf 75' lang='grc' dir='ltr'><strong>δὲ</strong></span> <span class='ocrx_word' id='word_1_51' title='bbox 1089 1025 1410 1100; x_wconf 78' lang='grc' dir='ltr'><strong>ὁπλιτῶν</strong></span> <span class='ocrx_word' id='word_1_52' title='bbox 1476 1025 1515 1099; x_wconf 83' lang='grc' dir='ltr'><em>ὃ</em></span> <span class='ocrx_word' id='word_1_53' title='bbox 1583 1023 1863 1124; x_wconf 75' lang='grc' dir='ltr'><em>δρόμος</em></span> <span class='ocrx_word' id='word_1_54' title='bbox 1927 1004 2394 1125; x_wconf 72' lang='grc' dir='ltr'><strong>ἐδοκιμάσθη</strong></span> <span class='ocrx_word' id='word_1_55' title='bbox 2459 1028 2601 1124; x_wconf 73' lang='grc' dir='ltr'><strong>μὲν</strong></span> 
     </span>
     <span class='ocr_line' id='line_1_9' title="bbox 374 1125 2600 1228; baseline 0.002 -29"><span class='ocrx_word' id='word_1_56' title='bbox 374 1125 493 1199; x_wconf 73' lang='grc' dir='ltr'><strong><em>ἔπι</em></strong></span> <span class='ocrx_word' id='word_1_57' title='bbox 542 1134 671 1221; x_wconf 81' lang='grc' dir='ltr'><strong><em>τῆς</em></strong></span> <span class='ocrx_word' id='word_1_58' title='bbox 719 1128 1043 1223; x_wconf 77' lang='grc' dir='ltr'><strong><em>πέμπτης</em></strong></span> <span class='ocrx_word' id='word_1_59' title='bbox 1089 1125 1595 1223; x_wconf 75' lang='grc' dir='ltr'><strong>Ὀλυμπιάδος</strong></span> <span class='ocrx_word' id='word_1_60' title='bbox 1642 1127 1768 1202; x_wconf 81' lang='grc' dir='ltr'><strong>καὶ</strong></span> <span class='ocrx_word' id='word_1_61' title='bbox 1819 1130 2238 1224; x_wconf 80' lang='grc' dir='ltr'><strong><em>ἑξηκοστῆς,</em></strong></span> <span class='ocrx_word' id='word_1_62' title='bbox 2306 1131 2600 1228; x_wconf 75' lang='grc' dir='ltr'><strong><em>μελέτης</em></strong></span> 
     </span>
     <span class='ocr_line' id='line_1_10' title="bbox 373 1226 2598 1327; baseline 0.003 -27"><span class='ocrx_word' id='word_1_63' title='bbox 373 1227 539 1322; x_wconf 77' lang='grc' dir='ltr'><em>ἐμοὶ</em></span> <span class='ocrx_word' id='word_1_64' title='bbox 590 1226 838 1304; x_wconf 73' lang='grc' dir='ltr'><strong><em>δοκεῖν</em></strong></span> <span class='ocrx_word' id='word_1_65' title='bbox 887 1231 1098 1305; x_wconf 72' lang='grc' dir='ltr'><strong><em>ἕνεκα</em></strong></span> <span class='ocrx_word' id='word_1_66' title='bbox 1147 1238 1277 1325; x_wconf 82' lang='grc' dir='ltr'><strong><em>τῆς</em></strong></span> <span class='ocrx_word' id='word_1_67' title='bbox 1326 1232 1398 1312; x_wconf 76' lang='grc' dir='ltr'><strong><em>ἐς</em></strong></span> <span class='ocrx_word' id='word_1_68' title='bbox 1444 1228 1537 1302; x_wconf 80' lang='grc' dir='ltr'><strong>τὰ</strong></span> <span class='ocrx_word' id='word_1_69' title='bbox 1588 1226 1982 1322; x_wconf 76' lang='grc' dir='ltr'><strong><em>πολεμικοί,</em></strong></span> <span class='ocrx_word' id='word_1_70' title='bbox 2054 1230 2228 1314; x_wconf 78' lang='grc' dir='ltr'><strong><em>τοὺς</em></strong></span> <span class='ocrx_word' id='word_1_71' title='bbox 2277 1231 2359 1306; x_wconf 75' lang='grc' dir='ltr'><strong>δὲ</strong></span> <span class='ocrx_word' id='word_1_72' title='bbox 2411 1232 2598 1327; x_wconf 75' lang='grc' dir='ltr'><strong>δρα-</strong></span> 
     </span>
     <span class='ocr_line' id='line_1_11' title="bbox 372 1325 2645 1430; baseline 0.002 -28"><span class='ocrx_word' id='word_1_73' title='bbox 372 1325 655 1422; x_wconf 84' lang='grc' dir='ltr'><strong><em>μόντας</em></strong></span> <span class='ocrx_word' id='word_1_74' title='bbox 717 1330 1023 1405; x_wconf 78' lang='grc' dir='ltr'><strong>ἀσπίσιν</strong></span> <span class='ocrx_word' id='word_1_75' title='bbox 1102 1331 1292 1426; x_wconf 78' lang='grc' dir='ltr'><em>ὁμοῦ</em></span> <span class='ocrx_word' id='word_1_76' title='bbox 1359 1337 1647 1428; x_wconf 74' lang='grc' dir='ltr'><strong><em>πρῶτος</em></strong></span> <span class='ocrx_word' id='word_1_77' title='bbox 1710 1329 2136 1427; x_wconf 76' lang='grc' dir='ltr'><strong><em>Δημάρετος</em></strong></span> <span class='ocrx_word' id='word_1_78' title='bbox 2200 1331 2645 1430; x_wconf 78' lang='grc' dir='ltr'><strong><em>ἐκράτησεν·</em></strong></span> 
     </span>
     <span class='ocr_line' id='line_1_12' title="bbox 361 1428 2596 1531; baseline 0.002 -28.02"><span class='ocrx_word' id='word_1_79' title='bbox 361 1428 730 1528; x_wconf 75' lang='grc' dir='ltr'><strong><em>Ἡραιεύς.</em></strong></span> <span class='ocrx_word' id='word_1_80' title='bbox 829 1432 997 1504; x_wconf 90' lang='lat' dir='ltr'><strong>Inde</strong></span> <span class='ocrx_word' id='word_1_81' title='bbox 1032 1435 1295 1530; x_wconf 86' lang='lat' dir='ltr'><strong>saepius</strong></span> <span class='ocrx_word' id='word_1_82' title='bbox 1329 1430 1608 1529; x_wconf 73' lang='grc' dir='ltr'><em>δρόμος</em></span> <span class='ocrx_word' id='word_1_83' title='bbox 1640 1430 1783 1508; x_wconf 75' lang='grc' dir='ltr'><strong>σὺν</strong></span> <span class='ocrx_word' id='word_1_84' title='bbox 1818 1432 2101 1522; x_wconf 78' lang='grc' dir='ltr'><strong>ἀσπίδι,</strong></span> <span class='ocrx_word' id='word_1_85' title='bbox 2154 1432 2382 1508; x_wconf 80' lang='grc' dir='ltr'><strong><em>ὅπλου</em></strong></span> <span class='ocrx_word' id='word_1_86' title='bbox 2417 1431 2596 1531; x_wconf 74' lang='grc' dir='ltr'><strong>δρό-</strong></span> 
     </span>
     <span class='ocr_line' id='line_1_13' title="bbox 382 1531 2592 1631; baseline 0.002 -26"><span class='ocrx_word' id='word_1_87' title='bbox 382 1556 548 1621; x_wconf 80' lang='grc' dir='ltr'><strong><em>ιιος,</em></strong></span> <span class='ocrx_word' id='word_1_88' title='bbox 619 1531 849 1607; x_wconf 81' lang='grc' dir='ltr'><strong><em>ὅπλου</em></strong></span> <span class='ocrx_word' id='word_1_89' title='bbox 898 1532 1067 1630; x_wconf 84' lang='grc' dir='ltr'><strong><em>νίκη</em></strong></span> <span class='ocrx_word' id='word_1_90' title='bbox 1133 1534 1306 1631; x_wconf 85' lang='lat' dir='ltr'><strong>apud</strong></span> <span class='ocrx_word' id='word_1_91' title='bbox 1356 1534 1788 1607; x_wconf 84' lang='lat' dir='ltr'><strong>Pausaniam:</strong></span> <span class='ocrx_word' id='word_1_92' title='bbox 1861 1560 1926 1607; x_wconf 89' lang='lat' dir='ltr'><strong>v.</strong></span> <span class='ocrx_word' id='word_1_93' title='bbox 1980 1535 2252 1608; x_wconf 83' lang='lat' dir='ltr'><strong>Faciam</strong></span> <span class='ocrx_word' id='word_1_94' title='bbox 2321 1536 2404 1607; x_wconf 88' lang='lat' dir='ltr'><strong>ad</strong></span> <span class='ocrx_word' id='word_1_95' title='bbox 2455 1537 2592 1609; x_wconf 86' lang='lat' dir='ltr'><strong>VI.</strong></span> 
     </span>
     <span class='ocr_line' id='line_1_14' title="bbox 371 1633 2592 1734; baseline 0.002 -25"><span class='ocrx_word' id='word_1_96' title='bbox 371 1637 494 1727; x_wconf 77' lang='lat'><strong>15,</strong></span> <span class='ocrx_word' id='word_1_97' title='bbox 550 1640 623 1709; x_wconf 89' lang='lat'><strong>2.</strong></span> <span class='ocrx_word' id='word_1_98' title='bbox 727 1635 843 1707; x_wconf 80' lang='lat' dir='ltr'><strong>Ex</strong></span> <span class='ocrx_word' id='word_1_99' title='bbox 896 1662 1024 1733; x_wconf 84' lang='lat' dir='ltr'><strong>quo</strong></span> <span class='ocrx_word' id='word_1_100' title='bbox 1075 1636 1497 1733; x_wconf 85' lang='lat' dir='ltr'><strong>intelligitur,</strong></span> <span class='ocrx_word' id='word_1_101' title='bbox 1550 1637 1610 1708; x_wconf 86' lang='lat' dir='ltr'><strong>si</strong></span> <span class='ocrx_word' id='word_1_102' title='bbox 1662 1633 1956 1731; x_wconf 82' lang='grc' dir='ltr'><strong><em>ὁπλίτης</em></strong></span> <span class='ocrx_word' id='word_1_103' title='bbox 2002 1639 2071 1709; x_wconf 89' lang='lat' dir='ltr'><strong>in</strong></span> <span class='ocrx_word' id='word_1_104' title='bbox 2125 1639 2592 1734; x_wconf 83' lang='lat' dir='ltr'><strong>epigrammate</strong></span> 
     </span>
     <span class='ocr_line' id='line_1_15' title="bbox 365 1737 2595 1835; baseline 0.002 -27"><span class='ocrx_word' id='word_1_105' title='bbox 365 1746 598 1809; x_wconf 70' lang='lat' dir='ltr'><strong>nostro</strong></span> <span class='ocrx_word' id='word_1_106' title='bbox 650 1746 1290 1828; x_wconf 83' lang='lat' dir='ltr'><strong>commemoraretur,</strong></span> <span class='ocrx_word' id='word_1_107' title='bbox 1344 1763 1475 1809; x_wconf 91' lang='lat' dir='ltr'><strong>non</strong></span> <span class='ocrx_word' id='word_1_108' title='bbox 1529 1763 1694 1835; x_wconf 91' lang='lat' dir='ltr'><strong>opus</strong></span> <span class='ocrx_word' id='word_1_109' title='bbox 1745 1737 1951 1810; x_wconf 87' lang='lat' dir='ltr'><strong>fuisse</strong></span> <span class='ocrx_word' id='word_1_110' title='bbox 2003 1746 2077 1810; x_wconf 89' lang='lat' dir='ltr'><strong>ut</strong></span> <span class='ocrx_word' id='word_1_111' title='bbox 2125 1740 2369 1811; x_wconf 85' lang='lat' dir='ltr'><strong>mentio</strong></span> <span class='ocrx_word' id='word_1_112' title='bbox 2423 1741 2595 1812; x_wconf 79' lang='lat' dir='ltr'><strong>adii-</strong></span> 
     </span>
     <span class='ocr_line' id='line_1_16' title="bbox 366 1838 2592 1936; baseline 0.002 -28"><span class='ocrx_word' id='word_1_113' title='bbox 366 1847 626 1910; x_wconf 85' lang='lat' dir='ltr'><strong>ceretnr</strong></span> <span class='ocrx_word' id='word_1_114' title='bbox 677 1840 1013 1912; x_wconf 90' lang='lat' dir='ltr'><strong>curriculi.</strong></span> <span class='ocrx_word' id='word_1_115' title='bbox 1119 1838 1571 1912; x_wconf 86' lang='lat' dir='ltr'><strong>Conveniebat</strong></span> <span class='ocrx_word' id='word_1_116' title='bbox 1621 1846 1834 1911; x_wconf 92' lang='lat' dir='ltr'><strong>autem</strong></span> <span class='ocrx_word' id='word_1_117' title='bbox 1889 1840 2017 1912; x_wconf 90' lang='lat' dir='ltr'><strong>hoc</strong></span> <span class='ocrx_word' id='word_1_118' title='bbox 2051 1865 2260 1936; x_wconf 83' lang='lat' dir='ltr'><strong>genus</strong></span> <span class='ocrx_word' id='word_1_119' title='bbox 2295 1843 2592 1913; x_wconf 88' lang='lat' dir='ltr'><strong>certandi</strong></span> 
     </span>
     <span class='ocr_line' id='line_1_17' title="bbox 360 1940 2590 2039; baseline 0.003 -30"><span class='ocrx_word' id='word_1_120' title='bbox 360 1940 433 2009; x_wconf 83' lang='lat' dir='ltr'><strong>iu</strong></span> <span class='ocrx_word' id='word_1_121' title='bbox 485 1941 715 2036; x_wconf 86' lang='lat' dir='ltr'><strong>primis</strong></span> <span class='ocrx_word' id='word_1_122' title='bbox 766 1942 891 2031; x_wconf 88' lang='lat' dir='ltr'><strong>iis,</strong></span> <span class='ocrx_word' id='word_1_123' title='bbox 962 1942 1075 2037; x_wconf 86' lang='lat' dir='ltr'><strong>qui</strong></span> <span class='ocrx_word' id='word_1_124' title='bbox 1141 1949 1357 2013; x_wconf 87' lang='lat' dir='ltr'><strong>aetate</strong></span> <span class='ocrx_word' id='word_1_125' title='bbox 1392 1942 1695 2013; x_wconf 73' lang='lat' dir='ltr'><strong>,iuvenes</strong></span> <span class='ocrx_word' id='word_1_126' title='bbox 1748 1949 2013 2015; x_wconf 81' lang='lat' dir='ltr'><strong>esseut:</strong></span> <span class='ocrx_word' id='word_1_127' title='bbox 2086 1942 2469 2039; x_wconf 86' lang='lat' dir='ltr'><strong>videturque</strong></span> <span class='ocrx_word' id='word_1_128' title='bbox 2520 1945 2590 2015; x_wconf 90' lang='lat' dir='ltr'><strong>id</strong></span> 
     </span>
     <span class='ocr_line' id='line_1_18' title="bbox 360 2040 2591 2141; baseline 0.004 -31"><span class='ocrx_word' id='word_1_129' title='bbox 360 2040 688 2114; x_wconf 83' lang='lat' dir='ltr'><strong>indicasse</strong></span> <span class='ocrx_word' id='word_1_130' title='bbox 753 2041 1117 2115; x_wconf 84' lang='lat' dir='ltr'><strong>Pausanias</strong></span> <span class='ocrx_word' id='word_1_131' title='bbox 1170 2042 1307 2114; x_wconf 83' lang='lat' dir='ltr'><strong>Vl.</strong></span> <span class='ocrx_word' id='word_1_132' title='bbox 1365 2046 1502 2135; x_wconf 88' lang='lat'><strong>17,</strong></span> <span class='ocrx_word' id='word_1_133' title='bbox 1575 2048 1665 2118; x_wconf 77' lang='lat' dir='ltr'><strong>l.&#39;</strong></span> <span class='ocrx_word' id='word_1_134' title='bbox 1713 2067 1909 2138; x_wconf 85' lang='lat' dir='ltr'><strong>quum</strong></span> <span class='ocrx_word' id='word_1_135' title='bbox 1960 2044 2264 2141; x_wconf 81' lang='lat' dir='ltr'><strong>scripsit:</strong></span> <span class='ocrx_word' id='word_1_136' title='bbox 2339 2049 2591 2140; x_wconf 87' lang='grc' dir='ltr'><strong><em>Δημο-</em></strong></span> 
     </span>
    </p>
   </div>
   <div class='ocr_carea' id='block_1_4' title="bbox 340 2361 2625 3881">
    <p class='ocr_par' dir='ltr' id='par_1_4' title="bbox 340 2361 2625 3881">
     <span class='ocr_line' id='line_1_19' title="bbox 360 2361 2591 2441; baseline 0.002 -20"><span class='ocrx_word' id='word_1_137' title='bbox 360 2366 518 2423; x_wconf 87' lang='lat' dir='ltr'><strong>multo</strong></span> <span class='ocrx_word' id='word_1_138' title='bbox 574 2369 749 2422; x_wconf 85' lang='lat' dir='ltr'><strong>minus</strong></span> <span class='ocrx_word' id='word_1_139' title='bbox 801 2370 959 2422; x_wconf 85' lang='lat' dir='ltr'><strong>miror</strong></span> <span class='ocrx_word' id='word_1_140' title='bbox 1012 2385 1164 2441; x_wconf 88' lang='lat' dir='ltr'><strong>quam</strong></span> <span class='ocrx_word' id='word_1_141' title='bbox 1220 2361 1387 2434; x_wconf 87' lang='lat' dir='ltr'><strong>aliud,</strong></span> <span class='ocrx_word' id='word_1_142' title='bbox 1456 2384 1557 2441; x_wconf 87' lang='lat' dir='ltr'><strong>quo</strong></span> <span class='ocrx_word' id='word_1_143' title='bbox 1599 2364 1815 2422; x_wconf 87' lang='lat' dir='ltr'><strong>Miilleri</strong></span> <span class='ocrx_word' id='word_1_144' title='bbox 1867 2367 2059 2441; x_wconf 84' lang='lat' dir='ltr'><strong>alioqui</strong></span> <span class='ocrx_word' id='word_1_145' title='bbox 2115 2365 2263 2422; x_wconf 80' lang='lat' dir='ltr'><strong>valde</strong></span> <span class='ocrx_word' id='word_1_146' title='bbox 2312 2365 2591 2441; x_wconf 81' lang='lat' dir='ltr'><strong>probabilis</strong></span> 
     </span>
     <span class='ocr_line' id='line_1_20' title="bbox 359 2449 2586 2525; baseline 0.001 -19"><span class='ocrx_word' id='word_1_147' title='bbox 359 2454 651 2507; x_wconf 82' lang='lat' dir='ltr'><strong>coniectura</strong></span> <span class='ocrx_word' id='word_1_148' title='bbox 691 2452 891 2507; x_wconf 86' lang='lat' dir='ltr'><strong>nititur.</strong></span> <span class='ocrx_word' id='word_1_149' title='bbox 977 2449 1115 2506; x_wconf 83' lang='lat' dir='ltr'><strong>Nam</strong></span> <span class='ocrx_word' id='word_1_150' title='bbox 1162 2454 1210 2507; x_wconf 86' lang='lat' dir='ltr'><strong>si</strong></span> <span class='ocrx_word' id='word_1_151' title='bbox 1252 2453 1454 2506; x_wconf 87' lang='lat' dir='ltr'><strong>initium</strong></span> <span class='ocrx_word' id='word_1_152' title='bbox 1499 2453 1851 2524; x_wconf 84' lang='lat' dir='ltr'><strong>inscriptionis</strong></span> <span class='ocrx_word' id='word_1_153' title='bbox 1893 2469 2049 2525; x_wconf 80' lang='lat' dir='ltr'><strong>prosa</strong></span> <span class='ocrx_word' id='word_1_154' title='bbox 2083 2453 2312 2506; x_wconf 78' lang='lat' dir='ltr'><strong>oratione</strong></span> <span class='ocrx_word' id='word_1_155' title='bbox 2342 2456 2586 2525; x_wconf 74' lang='lat' dir='ltr'><strong>scuiptum</strong></span> 
     </span>
     <span class='ocr_line' id='line_1_21' title="bbox 358 2533 2588 2604; baseline 0.001 -13"><span class='ocrx_word' id='word_1_156' title='bbox 358 2543 484 2604; x_wconf 84' lang='lat' dir='ltr'><strong>erat,</strong></span> <span class='ocrx_word' id='word_1_157' title='bbox 525 2554 712 2591; x_wconf 87' lang='lat' dir='ltr'><strong>nomen</strong></span> <span class='ocrx_word' id='word_1_158' title='bbox 756 2537 1015 2590; x_wconf 88' lang='lat' dir='ltr'><strong>continere</strong></span> <span class='ocrx_word' id='word_1_159' title='bbox 1060 2533 1273 2590; x_wconf 82' lang='lat' dir='ltr'><strong>debebat</strong></span> <span class='ocrx_word' id='word_1_160' title='bbox 1314 2533 1601 2591; x_wconf 80' lang='lat' dir='ltr'><strong>dedicantis</strong></span> <span class='ocrx_word' id='word_1_161' title='bbox 1635 2552 1777 2590; x_wconf 86' lang='lat' dir='ltr'><strong>arma</strong></span> <span class='ocrx_word' id='word_1_162' title='bbox 1817 2553 1942 2604; x_wconf 82' lang='lat' dir='ltr'><strong>sua3</strong></span> <span class='ocrx_word' id='word_1_163' title='bbox 1984 2554 2087 2590; x_wconf 80' lang='lat' dir='ltr'><strong>non</strong></span> <span class='ocrx_word' id='word_1_164' title='bbox 2125 2537 2458 2593; x_wconf 75' lang='lat' dir='ltr'><strong>conveniebat</strong></span> <span class='ocrx_word' id='word_1_165' title='bbox 2500 2553 2588 2593; x_wconf 83' lang='lat' dir='ltr'><strong>au-</strong></span> 
     </span>
     <span class='ocr_line' id='line_1_22' title="bbox 355 2617 2587 2694; baseline 0 -19"><span class='ocrx_word' id='word_1_166' title='bbox 355 2628 478 2686; x_wconf 84' lang='lat' dir='ltr'><strong>tem,</strong></span> <span class='ocrx_word' id='word_1_167' title='bbox 521 2617 651 2675; x_wconf 89' lang='lat' dir='ltr'><strong>illud</strong></span> <span class='ocrx_word' id='word_1_168' title='bbox 692 2637 878 2675; x_wconf 84' lang='lat' dir='ltr'><strong>nomeu</strong></span> <span class='ocrx_word' id='word_1_169' title='bbox 922 2621 1155 2674; x_wconf 89' lang='lat' dir='ltr'><strong>versibus</strong></span> <span class='ocrx_word' id='word_1_170' title='bbox 1198 2623 1285 2693; x_wconf 87' lang='lat' dir='ltr'><strong>qui</strong></span> <span class='ocrx_word' id='word_1_171' title='bbox 1328 2617 1511 2675; x_wconf 86' lang='lat' dir='ltr'><strong>deinde</strong></span> <span class='ocrx_word' id='word_1_172' title='bbox 1552 2629 1885 2693; x_wconf 79' lang='lat' dir='ltr'><strong>sequerentur</strong></span> <span class='ocrx_word' id='word_1_173' title='bbox 1925 2622 2103 2679; x_wconf 84' lang='lat' dir='ltr'><strong>inseri.</strong></span> <span class='ocrx_word' id='word_1_174' title='bbox 2189 2620 2371 2694; x_wconf 85' lang='lat' dir='ltr'><strong>ltaque</strong></span> <span class='ocrx_word' id='word_1_175' title='bbox 2404 2618 2587 2677; x_wconf 65' lang='lat' dir='ltr'><strong>docem</strong></span> 
     </span>
     <span class='ocr_line' id='line_1_23' title="bbox 355 2700 2582 2779; baseline 0.001 -21"><span class='ocrx_word' id='word_1_176' title='bbox 355 2702 476 2760; x_wconf 87' lang='lat' dir='ltr'><strong>dum</strong></span> <span class='ocrx_word' id='word_1_177' title='bbox 523 2712 634 2759; x_wconf 89' lang='lat' dir='ltr'><strong>erat</strong></span> <span class='ocrx_word' id='word_1_178' title='bbox 676 2701 903 2760; x_wconf 86' lang='lat' dir='ltr'><strong>Miillero</strong></span> <span class='ocrx_word' id='word_1_179' title='bbox 949 2702 1070 2778; x_wconf 84' lang='lat' dir='ltr'><strong>quid</strong></span> <span class='ocrx_word' id='word_1_180' title='bbox 1111 2701 1243 2759; x_wconf 87' lang='lat' dir='ltr'><strong>illud</strong></span> <span class='ocrx_word' id='word_1_181' title='bbox 1294 2700 1506 2773; x_wconf 90' lang='lat' dir='ltr'><strong>OON,</strong></span> <span class='ocrx_word' id='word_1_182' title='bbox 1555 2702 1690 2778; x_wconf 89' lang='lat' dir='ltr'><strong>quod</strong></span> <span class='ocrx_word' id='word_1_183' title='bbox 1732 2706 1844 2779; x_wconf 83' lang='lat' dir='ltr'><strong>ipse</strong></span> <span class='ocrx_word' id='word_1_184' title='bbox 1888 2703 2022 2759; x_wconf 78' lang='grc' dir='ltr'><strong>θων</strong></span> <span class='ocrx_word' id='word_1_185' title='bbox 2066 2706 2292 2779; x_wconf 84' lang='lat' dir='ltr'><strong>scripsit,</strong></span> <span class='ocrx_word' id='word_1_186' title='bbox 2337 2706 2434 2762; x_wconf 90' lang='lat' dir='ltr'><strong>sibi</strong></span> <span class='ocrx_word' id='word_1_187' title='bbox 2483 2707 2582 2761; x_wconf 80' lang='lat' dir='ltr'><strong>vel-</strong></span> 
     </span>
     <span class='ocr_line' id='line_1_24' title="bbox 352 2783 2583 2864; baseline 0 -20"><span class='ocrx_word' id='word_1_188' title='bbox 352 2788 440 2846; x_wconf 89' lang='lat' dir='ltr'><strong>let.</strong></span> <span class='ocrx_word' id='word_1_189' title='bbox 527 2787 666 2844; x_wconf 87' lang='lat' dir='ltr'><strong>Nam</strong></span> <span class='ocrx_word' id='word_1_190' title='bbox 711 2790 878 2863; x_wconf 82' lang='lat' dir='ltr'><strong>quivis</strong></span> <span class='ocrx_word' id='word_1_191' title='bbox 921 2788 1055 2843; x_wconf 89' lang='lat' dir='ltr'><strong>alius</strong></span> <span class='ocrx_word' id='word_1_192' title='bbox 1098 2786 1152 2845; x_wconf 91' lang='lat' dir='ltr'><strong>id</strong></span> <span class='ocrx_word' id='word_1_193' title='bbox 1194 2808 1286 2863; x_wconf 90' lang='lat' dir='ltr'><strong>pro</strong></span> <span class='ocrx_word' id='word_1_194' title='bbox 1342 2794 1486 2864; x_wconf 84' lang='lat' dir='ltr'><strong>parte</strong></span> <span class='ocrx_word' id='word_1_195' title='bbox 1538 2791 1765 2844; x_wconf 86' lang='lat' dir='ltr'><strong>nominis</strong></span> <span class='ocrx_word' id='word_1_196' title='bbox 1809 2786 2013 2844; x_wconf 81' lang='lat' dir='ltr'><strong>habebit</strong></span> <span class='ocrx_word' id='word_1_197' title='bbox 2055 2785 2307 2859; x_wconf 84' lang='lat' dir='ltr'><strong>hominis,</strong></span> <span class='ocrx_word' id='word_1_198' title='bbox 2367 2789 2451 2864; x_wconf 91' lang='lat' dir='ltr'><strong>qui</strong></span> <span class='ocrx_word' id='word_1_199' title='bbox 2498 2783 2583 2845; x_wconf 76' lang='lat' dir='ltr'><strong>de-</strong></span> 
     </span>
     <span class='ocr_line' id='line_1_25' title="bbox 355 2870 2578 2949; baseline 0.001 -21"><span class='ocrx_word' id='word_1_200' title='bbox 355 2870 600 2929; x_wconf 75' lang='lat' dir='ltr'><strong>dicaverit</strong></span> <span class='ocrx_word' id='word_1_201' title='bbox 653 2891 794 2928; x_wconf 86' lang='lat' dir='ltr'><strong>arma</strong></span> <span class='ocrx_word' id='word_1_202' title='bbox 836 2891 951 2930; x_wconf 87' lang='lat' dir='ltr'><strong>sua.</strong></span> <span class='ocrx_word' id='word_1_203' title='bbox 1055 2870 1159 2928; x_wconf 77' lang='lat' dir='ltr'><strong>Sed</strong></span> <span class='ocrx_word' id='word_1_204' title='bbox 1204 2872 1487 2941; x_wconf 80' lang='lat' dir='ltr'><strong>MiilleruS‚</strong></span> <span class='ocrx_word' id='word_1_205' title='bbox 1543 2889 1643 2946; x_wconf 86' lang='lat' dir='ltr'><strong>quo</strong></span> <span class='ocrx_word' id='word_1_206' title='bbox 1701 2871 1968 2949; x_wconf 77' lang='lat' dir='ltr'><strong>defugeret</strong></span> <span class='ocrx_word' id='word_1_207' title='bbox 2008 2870 2165 2928; x_wconf 80' lang='lat' dir='ltr'><strong>huius</strong></span> <span class='ocrx_word' id='word_1_208' title='bbox 2209 2876 2284 2929; x_wconf 89' lang='lat' dir='ltr'><strong>rei</strong></span> <span class='ocrx_word' id='word_1_209' title='bbox 2328 2875 2578 2931; x_wconf 80' lang='lat' dir='ltr'><strong>ratidnem</strong></span> 
     </span>
     <span class='ocr_line' id='line_1_26' title="bbox 352 2953 2582 3033; baseline 0 -20"><span class='ocrx_word' id='word_1_210' title='bbox 352 2956 581 3027; x_wconf 78' lang='lat' dir='ltr'><strong>reddere,</strong></span> <span class='ocrx_word' id='word_1_211' title='bbox 628 2960 876 3033; x_wconf 81' lang='lat' dir='ltr'><strong>sumpsit,</strong></span> <span class='ocrx_word' id='word_1_212' title='bbox 933 2963 992 3013; x_wconf 91' lang='lat' dir='ltr'><strong>ut</strong></span> <span class='ocrx_word' id='word_1_213' title='bbox 1032 2959 1144 3031; x_wconf 90' lang='lat' dir='ltr'><strong>ipse</strong></span> <span class='ocrx_word' id='word_1_214' title='bbox 1188 2962 1260 3014; x_wconf 89' lang='lat' dir='ltr'><strong>ait</strong></span> <span class='ocrx_word' id='word_1_215' title='bbox 1301 2976 1351 3032; x_wconf 87' lang='lat' dir='ltr'><strong>p.</strong></span> <span class='ocrx_word' id='word_1_216' title='bbox 1400 2953 1582 3015; x_wconf 81' lang='lat'>1154.</span> <span class='ocrx_word' id='word_1_217' title='bbox 1629 2976 1784 3031; x_wconf 89' lang='lat' dir='ltr'><strong>super</strong></span> <span class='ocrx_word' id='word_1_218' title='bbox 1826 2962 1988 3032; x_wconf 85' lang='lat' dir='ltr'><strong>primo</strong></span> <span class='ocrx_word' id='word_1_219' title='bbox 2031 2975 2185 3012; x_wconf 85' lang='lat' dir='ltr'><strong>versu</strong></span> <span class='ocrx_word' id='word_1_220' title='bbox 2230 2958 2362 3012; x_wconf 86' lang='lat' dir='ltr'><strong>alios</strong></span> <span class='ocrx_word' id='word_1_221' title='bbox 2406 2958 2582 3033; x_wconf 83' lang='lat' dir='ltr'><strong>plures</strong></span> 
     </span>
     <span class='ocr_line' id='line_1_27' title="bbox 350 3033 2581 3117; baseline 0.001 -20"><span class='ocrx_word' id='word_1_222' title='bbox 350 3060 533 3099; x_wconf 79' lang='lat' dir='ltr'><strong>versus</strong></span> <span class='ocrx_word' id='word_1_223' title='bbox 576 3045 799 3117; x_wconf 71' lang='lat' dir='ltr'><strong>scriptos</strong></span> <span class='ocrx_word' id='word_1_224' title='bbox 843 3042 1028 3110; x_wconf 86' lang='lat' dir='ltr'><strong>fuisse,</strong></span> <span class='ocrx_word' id='word_1_225' title='bbox 1067 3041 1219 3115; x_wconf 89' lang='lat' dir='ltr'><strong>idque</strong></span> <span class='ocrx_word' id='word_1_226' title='bbox 1261 3062 1366 3098; x_wconf 88' lang='lat' dir='ltr'><strong>non</strong></span> <span class='ocrx_word' id='word_1_227' title='bbox 1410 3041 1678 3100; x_wconf 84' lang='lat' dir='ltr'><strong>abhorrere</strong></span> <span class='ocrx_word' id='word_1_228' title='bbox 1723 3059 1755 3096; x_wconf 88' lang='lat' dir='ltr'><strong>a</strong></span> <span class='ocrx_word' id='word_1_229' title='bbox 1794 3044 1994 3117; x_wconf 80' lang='lat' dir='ltr'><strong>pictura</strong></span> <span class='ocrx_word' id='word_1_230' title='bbox 2035 3039 2224 3115; x_wconf 83' lang='lat' dir='ltr'><strong>lapidis</strong></span> <span class='ocrx_word' id='word_1_231' title='bbox 2268 3042 2398 3115; x_wconf 88' lang='lat' dir='ltr'><strong>apud</strong></span> <span class='ocrx_word' id='word_1_232' title='bbox 2443 3033 2581 3100; x_wconf 78' lang='lat' dir='ltr'><strong>Ros-</strong></span> 
     </span>
     <span class='ocr_line' id='line_1_28' title="bbox 351 3125 2579 3200; baseline 0.001 -18"><span class='ocrx_word' id='word_1_233' title='bbox 351 3130 504 3185; x_wconf 84' lang='lat' dir='ltr'><strong>sium.</strong></span> <span class='ocrx_word' id='word_1_234' title='bbox 588 3125 650 3182; x_wconf 90' lang='lat' dir='ltr'><strong>Id</strong></span> <span class='ocrx_word' id='word_1_235' title='bbox 692 3127 783 3183; x_wconf 91' lang='lat' dir='ltr'><strong>ille</strong></span> <span class='ocrx_word' id='word_1_236' title='bbox 822 3125 1002 3181; x_wconf 85' lang='lat' dir='ltr'><strong>finxit:</strong></span> <span class='ocrx_word' id='word_1_237' title='bbox 1054 3129 1274 3182; x_wconf 83' lang='lat' dir='ltr'><strong>intuenti</strong></span> <span class='ocrx_word' id='word_1_238' title='bbox 1316 3129 1450 3199; x_wconf 74' lang='lat' dir='ltr'><strong>enim</strong></span> <span class='ocrx_word' id='word_1_239' title='bbox 1494 3145 1556 3181; x_wconf 89' lang='lat' dir='ltr'><strong>ea</strong></span> <span class='ocrx_word' id='word_1_240' title='bbox 1596 3126 1907 3181; x_wconf 84' lang='lat' dir='ltr'><strong>lineamenta</strong></span> <span class='ocrx_word' id='word_1_241' title='bbox 1948 3144 2050 3181; x_wconf 89' lang='lat' dir='ltr'><strong>non</strong></span> <span class='ocrx_word' id='word_1_242' title='bbox 2091 3129 2279 3200; x_wconf 88' lang='lat' dir='ltr'><strong>poterit</strong></span> <span class='ocrx_word' id='word_1_243' title='bbox 2310 3126 2486 3195; x_wconf 84' lang='lat' dir='ltr'><strong>latere,</strong></span> <span class='ocrx_word' id='word_1_244' title='bbox 2522 3130 2579 3184; x_wconf 82' lang='lat' dir='ltr'><strong>si</strong></span> 
     </span>
     <span class='ocr_line' id='line_1_29' title="bbox 349 3208 2576 3287; baseline 0 -20"><span class='ocrx_word' id='word_1_245' title='bbox 349 3214 423 3267; x_wconf 87' lang='lat' dir='ltr'><strong>ita</strong></span> <span class='ocrx_word' id='word_1_246' title='bbox 464 3219 635 3281; x_wconf 88' lang='lat' dir='ltr'><strong>esset,</strong></span> <span class='ocrx_word' id='word_1_247' title='bbox 697 3213 924 3285; x_wconf 87' lang='lat' dir='ltr'><strong>conspici</strong></span> <span class='ocrx_word' id='word_1_248' title='bbox 968 3208 1149 3265; x_wconf 87' lang='lat' dir='ltr'><strong>debere</strong></span> <span class='ocrx_word' id='word_1_249' title='bbox 1202 3218 1394 3284; x_wconf 84' lang='lat' dir='ltr'><strong>partem</strong></span> <span class='ocrx_word' id='word_1_250' title='bbox 1440 3209 1659 3284; x_wconf 86' lang='lat' dir='ltr'><strong>duplicis</strong></span> <span class='ocrx_word' id='word_1_251' title='bbox 1712 3210 1908 3277; x_wconf 87' lang='lat' dir='ltr'><strong>lineae,</strong></span> <span class='ocrx_word' id='word_1_252' title='bbox 1965 3228 2095 3284; x_wconf 83' lang='lat' dir='ltr'><strong>quae</strong></span> <span class='ocrx_word' id='word_1_253' title='bbox 2146 3213 2280 3266; x_wconf 86' lang='lat' dir='ltr'><strong>inter</strong></span> <span class='ocrx_word' id='word_1_254' title='bbox 2336 3212 2576 3287; x_wconf 81' lang='lat' dir='ltr'><strong>singulos</strong></span> 
     </span>
     <span class='ocr_line' id='line_1_30' title="bbox 347 3292 2576 3370; baseline -0.001 -18"><span class='ocrx_word' id='word_1_255' title='bbox 347 3295 503 3353; x_wconf 87' lang='lat' dir='ltr'><strong>buius</strong></span> <span class='ocrx_word' id='word_1_256' title='bbox 567 3296 918 3370; x_wconf 80' lang='lat' dir='ltr'><strong>inscriptionis</strong></span> <span class='ocrx_word' id='word_1_257' title='bbox 970 3312 1155 3350; x_wconf 77' lang='lat' dir='ltr'><strong>versus</strong></span> <span class='ocrx_word' id='word_1_258' title='bbox 1212 3292 1364 3350; x_wconf 88' lang='lat' dir='ltr'><strong>ducta</strong></span> <span class='ocrx_word' id='word_1_259' title='bbox 1417 3302 1515 3351; x_wconf 83' lang='lat' dir='ltr'><strong>est.</strong></span> <span class='ocrx_word' id='word_1_260' title='bbox 1622 3293 1898 3350; x_wconf 82' lang='lat' dir='ltr'><strong>Praeterea</strong></span> <span class='ocrx_word' id='word_1_261' title='bbox 1950 3313 2127 3368; x_wconf 89' lang='lat' dir='ltr'><strong>parum</strong></span> <span class='ocrx_word' id='word_1_262' title='bbox 2185 3292 2423 3350; x_wconf 87' lang='lat' dir='ltr'><strong>credibile</strong></span> <span class='ocrx_word' id='word_1_263' title='bbox 2478 3303 2576 3365; x_wconf 85' lang='lat' dir='ltr'><strong>est,</strong></span> 
     </span>
     <span class='ocr_line' id='line_1_31' title="bbox 348 3371 2571 3455; baseline 0 -19"><span class='ocrx_word' id='word_1_264' title='bbox 348 3399 502 3455; x_wconf 82' lang='lat' dir='ltr'><strong>quum</strong></span> <span class='ocrx_word' id='word_1_265' title='bbox 545 3379 701 3447; x_wconf 87' lang='lat' dir='ltr'><strong>haec,</strong></span> <span class='ocrx_word' id='word_1_266' title='bbox 743 3419 823 3437; x_wconf 36' lang='lat'><strong>.1.</strong></span> <span class='ocrx_word' id='word_1_267' title='bbox 888 3376 1074 3437; x_wconf 90' lang='grc' dir='ltr'><strong>ΟΟΝ</strong></span> <span class='ocrx_word' id='word_1_268' title='bbox 1112 3371 1544 3437; x_wconf 85' lang='grc' dir='ltr'><em>ΑΝΕΘΕΚΕ</em></span> <span class='ocrx_word' id='word_1_269' title='bbox 1584 3417 1601 3436; x_wconf 81' lang='grc'><strong>.</strong></span> <span class='ocrx_word' id='word_1_270' title='bbox 1632 3418 1649 3435; x_wconf 91' lang='grc'><strong>.</strong></span> <span class='ocrx_word' id='word_1_271' title='bbox 1678 3418 1694 3435; x_wconf 88' lang='grc'><strong>.</strong></span> <span class='ocrx_word' id='word_1_272' title='bbox 1747 3371 2076 3448; x_wconf 81' lang='grc' dir='ltr'><strong><em>ΕΝΤΕΑ,</em></strong></span> <span class='ocrx_word' id='word_1_273' title='bbox 2147 3396 2205 3434; x_wconf 85' lang='lat' dir='ltr'><strong>se</strong></span> <span class='ocrx_word' id='word_1_274' title='bbox 2257 3385 2319 3435; x_wconf 89' lang='lat' dir='ltr'><strong>ut</strong></span> <span class='ocrx_word' id='word_1_275' title='bbox 2366 3381 2571 3436; x_wconf 86' lang='lat' dir='ltr'><strong>initium</strong></span> 
     </span>
     <span class='ocr_line' id='line_1_32' title="bbox 346 3462 2625 3539; baseline 0 -19"><span class='ocrx_word' id='word_1_276' title='bbox 346 3483 527 3520; x_wconf 74' lang='lat' dir='ltr'><strong>versus</strong></span> <span class='ocrx_word' id='word_1_277' title='bbox 570 3463 762 3522; x_wconf 89' lang='lat' dir='ltr'><strong>heroici</strong></span> <span class='ocrx_word' id='word_1_278' title='bbox 804 3468 958 3520; x_wconf 88' lang='lat' dir='ltr'><strong>etiam</strong></span> <span class='ocrx_word' id='word_1_279' title='bbox 1003 3462 1301 3533; x_wconf 88' lang='lat' dir='ltr'><strong>obtrudant,</strong></span> <span class='ocrx_word' id='word_1_280' title='bbox 1347 3483 1450 3519; x_wconf 90' lang='lat' dir='ltr'><strong>non</strong></span> <span class='ocrx_word' id='word_1_281' title='bbox 1493 3480 1611 3519; x_wconf 82' lang='lat' dir='ltr'><strong>esse</strong></span> <span class='ocrx_word' id='word_1_282' title='bbox 1653 3463 1865 3518; x_wconf 85' lang='lat' dir='ltr'><strong>alteram</strong></span> <span class='ocrx_word' id='word_1_283' title='bbox 1908 3482 2107 3537; x_wconf 87' lang='lat' dir='ltr'><strong>quoque</strong></span> <span class='ocrx_word' id='word_1_284' title='bbox 2148 3481 2331 3519; x_wconf 83' lang='lat' dir='ltr'><strong>versus</strong></span> <span class='ocrx_word' id='word_1_285' title='bbox 2371 3471 2568 3539; x_wconf 85' lang='lat' dir='ltr'><strong>partem</strong></span> <span class='ocrx_word' id='word_1_286' title='bbox 2620 3497 2625 3500; x_wconf 14' lang='grc' dir='ltr'><em>μ</em></span> 
     </span>
     <span class='ocr_line' id='line_1_33' title="bbox 346 3546 2569 3625; baseline 0 -20"><span class='ocrx_word' id='word_1_287' title='bbox 346 3548 613 3605; x_wconf 84' lang='lat' dir='ltr'><strong>adiectam.</strong></span> <span class='ocrx_word' id='word_1_288' title='bbox 699 3548 843 3604; x_wconf 89' lang='lat' dir='ltr'><strong>Hinc</strong></span> <span class='ocrx_word' id='word_1_289' title='bbox 885 3568 983 3625; x_wconf 85' lang='lat' dir='ltr'><strong>ego</strong></span> <span class='ocrx_word' id='word_1_290' title='bbox 1027 3567 1130 3604; x_wconf 90' lang='lat' dir='ltr'><strong>non</strong></span> <span class='ocrx_word' id='word_1_291' title='bbox 1174 3547 1425 3618; x_wconf 87' lang='lat' dir='ltr'><strong>adducor,</strong></span> <span class='ocrx_word' id='word_1_292' title='bbox 1468 3553 1529 3603; x_wconf 91' lang='lat' dir='ltr'><strong>ut</strong></span> <span class='ocrx_word' id='word_1_293' title='bbox 1566 3566 1810 3608; x_wconf 82' lang='lat' dir='ltr'><strong>versuum</strong></span> <span class='ocrx_word' id='word_1_294' title='bbox 1853 3550 2077 3603; x_wconf 85' lang='lat' dir='ltr'><strong>omnium</strong></span> <span class='ocrx_word' id='word_1_295' title='bbox 2124 3546 2354 3604; x_wconf 87' lang='lat' dir='ltr'><strong>eamdem</strong></span> <span class='ocrx_word' id='word_1_296' title='bbox 2395 3552 2451 3606; x_wconf 87' lang='lat' dir='ltr'><strong>in</strong></span> <span class='ocrx_word' id='word_1_297' title='bbox 2493 3549 2569 3606; x_wconf 82' lang='lat' dir='ltr'><strong>la-</strong></span> 
     </span>
     <span class='ocr_line' id='line_1_34' title="bbox 343 3629 2567 3709; baseline 0.001 -20"><span class='ocrx_word' id='word_1_298' title='bbox 343 3633 463 3709; x_wconf 88' lang='lat' dir='ltr'><strong>pide</strong></span> <span class='ocrx_word' id='word_1_299' title='bbox 499 3631 874 3709; x_wconf 84' lang='lat' dir='ltr'><strong>longitudinem</strong></span> <span class='ocrx_word' id='word_1_300' title='bbox 919 3633 1085 3688; x_wconf 88' lang='lat' dir='ltr'><strong>fuisse</strong></span> <span class='ocrx_word' id='word_1_301' title='bbox 1128 3632 1353 3700; x_wconf 84' lang='lat' dir='ltr'><strong>credam,</strong></span> <span class='ocrx_word' id='word_1_302' title='bbox 1397 3629 1489 3688; x_wconf 86' lang='lat' dir='ltr'><strong>sed</strong></span> <span class='ocrx_word' id='word_1_303' title='bbox 1531 3636 1722 3705; x_wconf 76' lang='lat' dir='ltr'><strong>potiuS,</strong></span> <span class='ocrx_word' id='word_1_304' title='bbox 1763 3640 2034 3707; x_wconf 86' lang='lat' dir='ltr'><strong>postquam</strong></span> <span class='ocrx_word' id='word_1_305' title='bbox 2078 3632 2276 3690; x_wconf 88' lang='lat' dir='ltr'><strong>sollerti</strong></span> <span class='ocrx_word' id='word_1_306' title='bbox 2318 3630 2567 3708; x_wconf 70' lang='lat' dir='ltr'><strong>doctaque</strong></span> 
     </span>
     <span class='ocr_line' id='line_1_35' title="bbox 342 3715 2612 3794; baseline -0 -18"><span class='ocrx_word' id='word_1_307' title='bbox 342 3719 522 3776; x_wconf 84' lang='lat' dir='ltr'><strong>Rossii</strong></span> <span class='ocrx_word' id='word_1_308' title='bbox 574 3716 841 3794; x_wconf 85' lang='lat' dir='ltr'><strong>diligentia</strong></span> <span class='ocrx_word' id='word_1_309' title='bbox 895 3725 1132 3774; x_wconf 85' lang='lat' dir='ltr'><strong>accurate</strong></span> <span class='ocrx_word' id='word_1_310' title='bbox 1186 3716 1469 3791; x_wconf 88' lang='lat' dir='ltr'><strong>descriptas</strong></span> <span class='ocrx_word' id='word_1_311' title='bbox 1523 3715 1772 3772; x_wconf 83' lang='lat' dir='ltr'><strong>habemus</strong></span> <span class='ocrx_word' id='word_1_312' title='bbox 1826 3716 2110 3772; x_wconf 86' lang='lat' dir='ltr'><strong>litterarum</strong></span> <span class='ocrx_word' id='word_1_313' title='bbox 2166 3718 2393 3788; x_wconf 83' lang='lat' dir='ltr'><strong>formas,</strong></span> <span class='ocrx_word' id='word_1_314' title='bbox 2463 3722 2569 3793; x_wconf 75' lang='lat' dir='ltr'><strong>epi-</strong></span> <span class='ocrx_word' id='word_1_315' title='bbox 2607 3773 2612 3783; x_wconf 77' lang='grc'><strong><em>,</em></strong></span> 
     </span>
     <span class='ocr_line' id='line_1_36' title="bbox 340 3799 2069 3881; baseline -0.002 -22"><span class='ocrx_word' id='word_1_316' title='bbox 340 3821 573 3881; x_wconf 80' lang='lat' dir='ltr'><strong>gramma</strong></span> <span class='ocrx_word' id='word_1_317' title='bbox 612 3800 743 3859; x_wconf 87' lang='lat' dir='ltr'><strong>illud</strong></span> <span class='ocrx_word' id='word_1_318' title='bbox 786 3800 850 3858; x_wconf 89' lang='lat' dir='ltr'><strong>ad</strong></span> <span class='ocrx_word' id='word_1_319' title='bbox 892 3802 1029 3860; x_wconf 89' lang='lat' dir='ltr'><strong>hunc</strong></span> <span class='ocrx_word' id='word_1_320' title='bbox 1072 3799 1280 3858; x_wconf 89' lang='lat' dir='ltr'><strong>modum</strong></span> <span class='ocrx_word' id='word_1_321' title='bbox 1324 3801 1540 3858; x_wconf 88' lang='lat' dir='ltr'><strong>coniicio</strong></span> <span class='ocrx_word' id='word_1_322' title='bbox 1584 3805 1831 3876; x_wconf 85' lang='lat' dir='ltr'><strong>scriptum</strong></span> <span class='ocrx_word' id='word_1_323' title='bbox 1874 3801 2069 3862; x_wconf 63' lang='lat' dir='ltr'><strong>fuisse:</strong></span> 
     </span>
    </p>
   </div>
   <div class='ocr_carea' id='block_1_5' title="bbox 582 3908 2155 4170">
    <p class='ocr_par' dir='ltr' id='par_1_5' title="bbox 582 3908 2142 4170">
     <span class='ocr_line' id='line_1_37' title="bbox 582 3908 2142 3995; baseline 0 -20"><span class='ocrx_word' id='word_1_324' title='bbox 582 3909 916 3978; x_wconf 80' lang='grc' dir='ltr'><strong>Ἱπποκόων</strong></span> <span class='ocrx_word' id='word_1_325' title='bbox 958 3910 1219 3995; x_wconf 73' lang='grc' dir='ltr'><strong><em>ἀνέθηκε</em></strong></span> <span class='ocrx_word' id='word_1_326' title='bbox 1259 3908 1400 3976; x_wconf 77' lang='grc' dir='ltr'><strong>τάδ’</strong></span> <span class='ocrx_word' id='word_1_327' title='bbox 1449 3910 1640 3989; x_wconf 62' lang='grc' dir='ltr'><strong><em>ἔντεα,</em></strong></span> <span class='ocrx_word' id='word_1_328' title='bbox 1675 3908 1950 3992; x_wconf 77' lang='grc' dir='ltr'><strong><em>Ἶσχύλου</em></strong></span> <span class='ocrx_word' id='word_1_329' title='bbox 1993 3937 2142 3990; x_wconf 83' lang='grc' dir='ltr'><strong><em>υιος,</em></strong></span> 
     </span>
     <span class='ocr_line' id='line_1_38' title="bbox 591 3996 2133 4103; baseline -0.003 -41"><span class='ocrx_word' id='word_1_330' title='bbox 591 4024 657 4074; x_wconf 87' lang='grc' dir='ltr'><strong><em>ος</em></strong></span> <span class='ocrx_word' id='word_1_331' title='bbox 698 3998 852 4074; x_wconf 82' lang='grc' dir='ltr'><strong><em>Διὸς</em></strong></span> <span class='ocrx_word' id='word_1_332' title='bbox 892 4001 1208 4073; x_wconf 71' lang='grc' dir='ltr'><strong><em>Αἰθίοπος</em></strong></span> <span class='ocrx_word' id='word_1_333' title='bbox 1248 4007 1409 4103; x_wconf 63' lang='lat' dir='ltr'><strong>1023·m</strong></span> <span class='ocrx_word' id='word_1_334' title='bbox 1418 3997 1738 4078; x_wconf 79' lang='grc' dir='ltr'><strong><em>ὁαμοσίοις</em></strong></span> <span class='ocrx_word' id='word_1_335' title='bbox 1778 3999 1841 4060; x_wconf 73' lang='grc' dir='ltr'><strong>ἐν</strong></span> <span class='ocrx_word' id='word_1_336' title='bbox 1884 3996 2133 4073; x_wconf 72' lang='grc' dir='ltr'><strong><em>ἀέθλοις</em></strong></span> 
     </span>
     <span class='ocr_line' id='line_1_39' title="bbox 589 4076 2155 4170; baseline -0.002 -22"><span class='ocrx_word' id='word_1_337' title='bbox 589 4081 828 4170; x_wconf 77' lang='grc' dir='ltr'><strong><em>τετράκι</em></strong></span> <span class='ocrx_word' id='word_1_338' title='bbox 870 4108 935 4147; x_wconf 79' lang='grc' dir='ltr'><strong>τε</strong></span> <span class='ocrx_word' id='word_1_339' title='bbox 975 4079 1235 4148; x_wconf 68' lang='lat' dir='ltr'><strong>annititur</strong></span> <span class='ocrx_word' id='word_1_340' title='bbox 1275 4088 1409 4168; x_wconf 81' lang='grc' dir='ltr'><strong>νικῇ</strong></span> <span class='ocrx_word' id='word_1_341' title='bbox 1452 4085 1554 4146; x_wconf 82' lang='grc' dir='ltr'><strong>καὶ</strong></span> <span class='ocrx_word' id='word_1_342' title='bbox 1597 4084 1690 4157; x_wconf 79' lang='grc' dir='ltr'><strong>δὶς</strong></span> <span class='ocrx_word' id='word_1_343' title='bbox 1731 4080 1841 4145; x_wconf 79' lang='grc' dir='ltr'><strong>τὸν</strong></span> <span class='ocrx_word' id='word_1_344' title='bbox 1881 4076 2155 4147; x_wconf 82' lang='grc' dir='ltr'><strong><em>ὃπλίταν.</em></strong></span> 
     </span>
    </p>
   </div>
   <div class='ocr_carea' id='block_1_6' title="bbox 334 4220 2555 4471">
    <p class='ocr_par' dir='ltr' id='par_1_6' title="bbox 334 4220 2555 4471">
     <span class='ocr_line' id='line_1_40' title="bbox 335 4220 2555 4300; baseline -0.002 -19"><span class='ocrx_word' id='word_1_345' title='bbox 335 4223 553 4281; x_wconf 87' lang='lat' dir='ltr'><strong>Videtur</strong></span> <span class='ocrx_word' id='word_1_346' title='bbox 593 4224 682 4282; x_wconf 90' lang='lat' dir='ltr'><strong>ille</strong></span> <span class='ocrx_word' id='word_1_347' title='bbox 723 4228 811 4300; x_wconf 87' lang='lat' dir='ltr'><strong>qui</strong></span> <span class='ocrx_word' id='word_1_348' title='bbox 853 4243 996 4281; x_wconf 83' lang='lat' dir='ltr'><strong>arma</strong></span> <span class='ocrx_word' id='word_1_349' title='bbox 1038 4242 1135 4281; x_wconf 84' lang='lat' dir='ltr'><strong>sua</strong></span> <span class='ocrx_word' id='word_1_350' title='bbox 1177 4222 1447 4299; x_wconf 89' lang='lat' dir='ltr'><strong>suspendit</strong></span> <span class='ocrx_word' id='word_1_351' title='bbox 1488 4220 1654 4279; x_wconf 80' lang='lat' dir='ltr'><strong>Chius</strong></span> <span class='ocrx_word' id='word_1_352' title='bbox 1696 4222 1898 4297; x_wconf 82' lang='lat' dir='ltr'><strong>fuisse,</strong></span> <span class='ocrx_word' id='word_1_353' title='bbox 1958 4241 2059 4298; x_wconf 79' lang='lat' dir='ltr'><strong>qua</strong></span> <span class='ocrx_word' id='word_1_354' title='bbox 2100 4225 2153 4277; x_wconf 82' lang='lat' dir='ltr'><strong>in</strong></span> <span class='ocrx_word' id='word_1_355' title='bbox 2197 4222 2369 4278; x_wconf 82' lang='lat' dir='ltr'><strong>insula</strong></span> <span class='ocrx_word' id='word_1_356' title='bbox 2411 4223 2555 4277; x_wconf 84' lang='lat' dir='ltr'><strong>testi</strong></span> 
     </span>
     <span class='ocr_line' id='line_1_41' title="bbox 334 4301 2553 4384; baseline -0.002 -18"><span class='ocrx_word' id='word_1_357' title='bbox 334 4311 431 4366; x_wconf 82' lang='lat' dir='ltr'><strong>bus</strong></span> <span class='ocrx_word' id='word_1_358' title='bbox 474 4306 755 4366; x_wconf 84' lang='lat' dir='ltr'><strong>scholiasta</strong></span> <span class='ocrx_word' id='word_1_359' title='bbox 796 4315 847 4365; x_wconf 90' lang='lat' dir='ltr'><strong>et</strong></span> <span class='ocrx_word' id='word_1_360' title='bbox 888 4309 1086 4365; x_wconf 85' lang='lat' dir='ltr'><strong>Tzetza</strong></span> <span class='ocrx_word' id='word_1_361' title='bbox 1130 4306 1196 4365; x_wconf 88' lang='lat' dir='ltr'><strong>ad</strong></span> <span class='ocrx_word' id='word_1_362' title='bbox 1237 4305 1498 4384; x_wconf 87' lang='lat' dir='ltr'><strong>Lycophr.</strong></span> <span class='ocrx_word' id='word_1_363' title='bbox 1541 4302 1686 4364; x_wconf 77' lang='lat'><strong>537.</strong></span> <span class='ocrx_word' id='word_1_364' title='bbox 1728 4307 1955 4382; x_wconf 90' lang='lat' dir='ltr'><strong>luppiter</strong></span> <span class='ocrx_word' id='word_1_365' title='bbox 1978 4306 2230 4382; x_wconf 82' lang='lat' dir='ltr'><strong>Aethiops</strong></span> <span class='ocrx_word' id='word_1_366' title='bbox 2273 4301 2553 4365; x_wconf 82' lang='lat' dir='ltr'><strong>colebatur</strong></span> 
     </span>
     <span class='ocr_line' id='line_1_42' title="bbox 336 4382 1900 4471; baseline -0.003 -19"><span class='ocrx_word' id='word_1_367' title='bbox 336 4394 423 4452; x_wconf 88' lang='lat' dir='ltr'><strong>Sic</strong></span> <span class='ocrx_word' id='word_1_368' title='bbox 463 4401 668 4471; x_wconf 85' lang='lat' dir='ltr'><strong>apparet</strong></span> <span class='ocrx_word' id='word_1_369' title='bbox 710 4394 882 4466; x_wconf 85' lang='lat' dir='ltr'><strong>simul,</strong></span> <span class='ocrx_word' id='word_1_370' title='bbox 928 4395 1017 4469; x_wconf 88' lang='lat' dir='ltr'><strong>qui</strong></span> <span class='ocrx_word' id='word_1_371' title='bbox 1057 4395 1161 4451; x_wconf 84' lang='lat' dir='ltr'><strong>siut</strong></span> <span class='ocrx_word' id='word_1_372' title='bbox 1203 4395 1294 4451; x_wconf 72' lang='lat' dir='ltr'><strong>isti</strong></span> <span class='ocrx_word' id='word_1_373' title='bbox 1335 4382 1622 4468; x_wconf 77' lang='grc' dir='ltr'>δαμόσιοι</span> <span class='ocrx_word' id='word_1_374' title='bbox 1663 4382 1900 4450; x_wconf 68' lang='grc' dir='ltr'><strong><em>ἄεθλοι.</em></strong></span> 
     </span>
    </p>
   </div>
  </div>
 </body>
</html>
