3192 4992
991 312 1093 371 nn
1135 309 1436 374 ‹³ch
1476 309 1844 376 ΜιΝιιιινΔ.
1922 353 1932 365 .
2113 332 2128 340 -
2412 312 2554 394 m

314 476 476 577 quid
524 429 737 553 &mr
781 483 961 552 esset
1008 474 1372 550 nescivisse
1418 475 1900 556 hariolationes
1948 502 2175 554 eorum
2223 478 2540 577 produnt,

313 604 586 708 quarum
648 578 811 651 satis
880 585 984 650 est
1035 601 1122 649 ex
1171 577 1509 705 Hesychio
1562 580 1869 706 exempla
1920 580 2349 676 apposuisse.
2423 583 2546 655 ε’λ-

309 677 478 757 λόν’
544 674 886 805 ἀγαθόν,
924 673 1290 779 γλαυκόν,
1334 675 1697 807 χαροπόν,
1749 677 2272 768 ἐνθαλάττιον,
2320 677 2540 775 ταχύ,

309 781 647 877 ἄφωνον,
696 774 961 881 ὑγρόν,
1012 780 1317 878 ἶς’,λαφον
1351 777 1686 881 νεογνόν.
1739 777 2045 865 ἔλλοπες·
2097 780 2540 868 ἐλλείποντες
2681 845 2690 872 ,

153 953 161 962 ,
304 889 432 977 τῆς
481 877 699 969 ὀπός,
761 881 1141 955 τουτέστιν
1191 882 1619 1008 ἄφθογγοι,
1688 882 2019 979 ἄφωνοι,
2081 910 2212 956 και
2262 881 2537 972 δασεῖς,

186 1017 205 1036 κ
301 980 428 1057 καὶ
489 986 821 1079 τραχεῖς,
885 980 1012 1056 καὶ
1061 981 1393 1057 ποικίλοι.
1510 982 1749 1080 Itaque
1816 1005 2011 1081 quum
2074 984 2377 1067 ε’λλοπας
2430 986 2542 1058 vel

301 1081 554 1167 ἑλλοὺς
604 1084 827 1180 pisces
878 1084 1102 1156 vocari
1153 1084 1475 1176 viderent,
1529 1084 1671 1158 fere
1721 1096 1964 1177 mutos»,
2019 1086 2192 1182 quod
2228 1086 2297 1157 id
2335 1110 2541 1184 prae-

170 1255 179 1278 „
302 1185 498 1283 cipue
549 1186 622 1257 in
669 1185 963 1282 piscibus
996 1186 1288 1258 notabile
1336 1195 1538 1278 esset,
1590 1187 2220 1283 interpretabantur.
2281 1185 2539 1260 Intel-

229 1364 234 1370 ,
299 1286 474 1382 liget
524 1311 682 1359 vero
738 1311 858 1358 cur
906 1288 1007 1359 sic
1058 1297 1376 1360 vocentur
1424 1287 1671 1385 pisces,
1732 1289 1844 1384 qui
1898 1289 2000 1360 vel
2053 1288 2258 1407 semel
2309 1312 2540 1364 eorum

299 1388 562 1460 celeres
628 1396 695 1460 et
744 1388 1083 1461 flexuosos
1146 1389 1218 1461 in
1283 1413 1453 1486 aqua
1503 1397 1719 1462 motus
1774 1389 2222 1486 conspexerit.
2347 1390 2539 1482 Quo-

294 1489 476 1560 niam
528 1490 610 1562 de
662 1491 984 1562 vocabulo
1033 1491 1153 1562 illo
1208 1489 1428 1563 dicere
1481 1491 1698 1588 coepi,
1752 1491 2006 1583 licebit,
2060 1491 2190 1563 nisi
2226 1515 2330 1564 me
2371 1516 2536 1564 con—

294 1590 557 1664 iectura
605 1591 805 1682 fallit,
857 1591 1155 1666 Arcades
1208 1593 1364 1664 illos
1416 1583 1947 1689 προσελήνους,
1999 1592 2071 1666 iu
2123 1593 2356 1688 quibus
2410 1616 2535 1664 cx·-

296 1691 629 1788 plicandis
692 1691 991 1788 Heynius
1052 1693 1123 1764 in
1174 1690 1432 1789 Opuse.
1483 1694 1803 1768 Academ.
1871 1694 2008 1766 vol.
2060 1692 2163 1768 II.
2228 1719 2302 1790 Ρ.
2355 1696 2533 1770 332.

202 1865 206 1872 ,
297 1816 490 1890 seqq.
545 1803 612 1867 et
667 1793 796 1869 vol.
827 1792 963 1866 VI.
1015 1820 1087 1891 p.
1122 1797 1300 1871 463.
1350 1794 1726 1886 haesitavit,
1784 1793 2264 1868 Grotefendius
2314 1804 2532 1868 autem

294 1893 369 1966 in
420 1895 913 1991 Encyclopaed.
966 1896 1147 1968 univ.
1174 1905 1367 1972 sect.
1420 1894 1485 1967 I.
1539 1897 1674 1969 vol.
1713 1895 1808 1967 V.
1860 1921 1932 1993 Ρ.
1980 1899 2154 1970 323.
2208 1896 2382 1993 apud
2408 1894 2533 1970 Iu·-

297 1994 420 2068 dus
473 1997 841 2094 conquisita
888 1998 1193 2094 protulit,
1246 2000 1452 2076 multo
1506 1998 1872 2094 simplicius
1925 2022 2012 2069 ex
2055 2022 2135 2072 eo
2170 1997 2386 2071 dictos
2421 1996 2558 2078 in-'

292 2099 687 2194 terpretari,
762 2098 937 2194 quod
987 2107 1138 2172 ante
1188 2099 1547 2184 Helleuum
1597 2096 1943 2174 adventum
2010 2100 2341 2171 tenuerint
2389 2099 2529 2174 Ar·-

293 2198 574 2272 cadiam.
679 2198 1244 2294 Προσεληνίὸες,
1297 2225 1463 2297 quae
1496 2200 1834 2295 Hesychio
1873 2197 2303 2297 Ἀρκαδικαὶ
2334 2195 2629 2295 νύμ-Ιὸ

292 2326 433 2395 φαι
486 2309 665 2392 sunt,
720 2299 1231 2376 Callimacheam
1272 2304 1536 2397 sapiunt
1569 2300 1961 2374 doctrinam.
2062 2300 2394 2374 Revertor
2444 2301 2529 2373 ad

289 2398 683 2475 Homerum.
783 2399 859 2474 Is
911 2425 1147 2474 vereor
1194 2427 1318 2492 ne,
1383 2426 1579 2497 quum
1631 2412 1699 2474 et
1750 2403 1833 2473 de
1884 2399 2095 2476 Sellis
2147 2402 2328 2474 circa
2375 2400 2528 2474 Do·

290 2500 533 2576 donam
583 2502 1064 2594 habitantibus,
1106 2512 1201 2578 'et
1266 2504 1349 2575 de
1398 2502 1583 2575 Iovis
1634 2502 1988 2578 Dodonaei
2038 2502 2524 2595 sacerdotibus,

290 2604 407 2699 qui
461 2599 946 2686 ἀνιπτόποδες
978 2612 1045 2677 et
1068 2614 1798 2699 χαμαιεῦναιθεεοιιί,
1850 2603 2304 2695 inaudivisset,
2358 2602 2523 2676 Sel·-

287 2704 377 2778 lis
429 2705 760 2797 tribuerit,
815 2704 990 2801 quod
1039 2706 1453 2778 sacerdotum
1502 2706 1770 2777 illorum
1822 2710 2008 2796 erat,
2041 2729 2174 2778 nou
2211 2729 2339 2801 quo
2381 2703 2523 2777 Pe-

288 2806 520 2904 lasgos
573 2831 797 2880 omnes
849 2806 1217 2879 existimem
1266 2806 1446 2880 feros
1494 2814 1566 2878 ct
1618 2805 2042 2902 glandivoros
2091 2806 2341 2899 fuisse,
2402 2831 2523 2880 ve·

288 2932 435 2986 rum
490 2908 681 3010 quod
713 2909 998 3006 populos
1046 2933 1180 2983 nou
1228 2910 1414 2981 nasci
1466 2908 1709 2999 cultoS,
1748 2907 1881 2979 sed
1930 2908 2284 3010 paullatim
2326 2931 2366 2982 a
2415 2908 2522 2981 fe-

286 3009 490 3082 ritate
558 3010 640 3084 ad
703 3010 1148 3082 humaniorem
1213 3011 1462 3082 cultum
1526 3032 1864 3106 emergere
1930 3009 2310 3104 intelligo.
2361 3007 2520 3082 Non

288 3112 471 3184 omni
521 3110 798 3186 veritate
851 3109 1167 3184 destituta
1215 3133 1360 3182 esse
1411 3119 1571 3208 puto
1585 3161 1644 3201 ,
1667 3133 1834 3207 quae
1884 3109 2154 3182 tradidit
2202 3075 2519 3183 Herodo-

283 3218 391 3285 tus
450 3210 554 3284 II.
591 3214 716 3287 52.
783 3212 1040 3336 su9vmt‘c
1071 3208 1155 3284 δὲ
1205 3207 1511 3294 πάντων
1562 3212 1696 3307 (sic
1744 3236 1868 3308 pro
1919 3206 2167 3285 πάντα
2218 3206 2546 3290 scriben-.

283 3313 479 3411 dum)
547 3309 904 3441 πρότερον
970 3312 1040 3386 οἱ
1073 3311 1468 3443 Πελασγοὶ
1520 3314 1764 3388 θεοῖσι
1828 3306 2340 3439 επευζόμενοι,
2411 3310 2518 3395 ὥς

282 3412 437 3516 syci)
499 3442 581 3490 εν
626 3410 966 3509 Δωδώνῃ
1034 3411 1206 3488 οἶδα
1267 3410 1622 3498 ἀκούσας·
1697 3414 2125 3509 επωνυμιην
2188 3408 2270 3486 δε
2337 3410 2505 3488 οὐδ’

284 3517 580 3610 οὔνομα
630 3518 1003 3592 ἐποιεῦντο
1064 3513 1208 3589 ovd*
1208 3544 1318 3590 ενι
1382 3515 1670 3590 αὐτῶν·
1747 3514 1837 3587 οὗ
1897 3512 2100 3644 ἴὰρ
2099 3509 2511 3640 ἀκηκόεσάν

282 3644 432 3696 κω·
504 3615 726 3700 θεοὺς
774 3615 856 3692 δε
907 3612 1467 3744 παρωνόμασαν
1517 3640 1748 3744 σφεας
1788 3615 1933 3689 ἆπο
1966 3622 2101 3689 τοῦ
2138 3609 2507 3704 τοιούτου,

287 3718 404 3796 ότι
449 3713 711 3815 κόσμῳ
757 3716 1019 3801 θέντες
1065 3716 1159 3792 τὰ
1210 3714 1455 3794 παντα
1506 3714 1904 3819 πρήγματα
1943 3715 2071 3790 και
2106 3712 2349 3800 πάσας
2376 3744 2508 3792 νο·-

256 3820 434 3917 ’μὰς
482 3818 702 3916 εἶχον.
803 3818 947 3894 Sed
1006 3820 1183 3939 quod
1246 3820 1480 3894 deinde
1547 3820 1766 3921 addit,
1838 3820 1918 3890 ab
1970 3817 2323 3914 Aegyptiis
2387 3842 2505 3896 eos

286 3924 549 3996 nomina
599 3922 868 3996 deorum
919 3922 1300 4040 accepisse,
1368 3920 1439 3992 id
1487 3922 1658 3994 falsa
1710 3920 2017 4017 opinione
2069 3927 2301 4015 captus
2349 3920 2502 3993 lon-

287 4026 438 4120 gius
485 4025 821 4122 repetivit,
874 4048 1070 4119 quum
1117 4023 1187 4095 in
1240 4023 1478 4095 vicinia
1526 4001 1824 4096 haberet.
1923 4019 2075 4094 Non
2127 4019 2276 4093 dico
2306 4020 2504 4094 The·

204 4159 211 4164 ·
285 4126 402 4199 bas
436 4126 782 4219 Boeotiae,
834 4136 909 4197 ut
937 4122 1031 4200 O.
1058 4124 1409 4198 Miillero
1388 4150 1458 4195 ιιι
1486 4123 1761 4221 Boettig
1763 4123 1861 4195 eri
1886 4122 2239 4198 Amalthea
2264 4122 2399 4194 vol.
2429 4119 2497 4194 I.
2529 4153 2532 4156 ·

282 4251 356 4323 Ρ.
410 4232 581 4303 122.
632 4229 1008 4318 videbatur,
1059 4235 1242 4300 recte
1294 4150 1761 4299 dissentienteg
1769 4223 2142 4300 Welckero
2193 4222 2279 4296 ad
2325 4221 2526 4300 Phi--

282 4329 545 4410 lustrati
591 4329 806 4429 Imag.
869 4355 942 4429 p.
994 4328 1170 4410 565.
1183 4378 1211 4424 ‚
1275 4327 1395 4402 sed
1444 4326 1830 4404 Hellenes..
1910 4325 2009 4402 Hi
2070 4325 2242 4400 enim
2302 4331 2495 4421 post-
