3192 4992
672 391 801 460 296
869 425 880 445 ·
1042 338 1047 344 ⁸
1278 365 1405 452 'nu
1447 340 1827 450 APoLLmE
1869 388 1971 451 ΕΤ
2011 387 2269 450 mANA.

671 560 787 632 nbi
848 583 970 658 pro
1020 557 1254 630 ultimo
1305 580 1502 630 versu
1553 556 1637 629 ab
1688 557 1823 631 alio
1838 608 1865 650 ,
1938 580 2018 630 ac
2079 553 2308 628 nescio
2371 576 2459 625 an
2525 553 2894 651 antiquiore

671 668 871 760 poeta
918 660 1031 733 hic
1076 655 1334 759 positus
1384 664 1567 732 erat:

869 809 1200 908 μείλιχον
1247 812 1326 895 ἐξ
1373 809 1627 909 ἀρχῆς,
1679 803 2167 913 ἀγανώτατον
2195 803 2401 889 ἐντὸς
2435 801 2846 903 Ὀλύμπου.
2921 869 2924 876 .
2962 795 2968 800 ’

668 960 1143 1038 Verumtamen
1157 1013 1183 1053 ,
1247 970 1323 1035 ut
1370 962 1654 1059 ingenue
1704 961 1956 1054 fatear,
2021 986 2154 1034 non
2216 960 2492 1031 multum
2556 958 2895 1033 tribuerim

667 1064 825 1137 huic
876 1064 1331 1159 descriptioni,
1385 1087 1551 1162 quae
1602 1062 1779 1135 hand
1829 1063 1970 1137 scio
2024 1086 2110 1134 an
2162 1061 2341 1134 docti
2390 1060 2652 1134 fabulae
2683 1061 2896 1134 inter-

666 1166 878 1263 pretis
927 1165 1260 1236 inventum
1311 1165 1423 1257 sit,
1478 1165 1590 1261 qui
1640 1189 1764 1262 pro
1817 1189 1937 1237 suo
1986 1163 2284 1254 iudicio,·
2317 1186 2447 1235 non
2478 1162 2601 1234 illo
2636 1161 2893 1258 quidem

667 1268 873 1340 stulto
887 1319 913 1358 ,
967 1266 1123 1362 quid
1171 1263 1441 1338 Latona
1491 1274 1710 1358 esset,
1785 1265 2123 1339 declarare
2175 1264 2483 1337 voluerit.
2584 1263 2895 1335 Dubitari

620 1433 627 1438 ,
668 1376 849 1441 certe
898 1375 1146 1466 potest,
1198 1391 1284 1439 an
1335 1367 1519 1465 prius
1552 1366 1823 1440 Latona
1873 1390 2064 1465 quam
2112 1373 2422 1462 parentes
2474 1364 2618 1437 eius
2651 1365 2742 1436 ‘in
2789 1364 2895 1436 fa-

667 1469 843 1542 bulis
893 1469 1118 1541 fuerit.
1239 1468 1410 1542 Nam
1477 1493 1673 1566 quum
1739 1493 1819 1542 ea
1886 1492 2052 1566 quae
2117 1468 2291 1539 fama
2354 1475 2424 1539 et
2487 1466 2891 1539 sermonibus

664 1571 997 1644 hominum
1059 1570 1328 1667 prodita
1392 1580 1653 1663 essent,
1732 1570 1804 1643 in
1868 1578 2119 1644 certum
2190 1567 2531 1665 quemdam
2598 1568 2923 1640 ordinem·

667 1683 1196 1765 consererentur,
1250 1672 1588 1770 omnisque
1642 1672 1910 1745 deorum
1961 1669 2309 1744 multitudo
2350 1668 2429 1741 ad
2474 1693 2671 1741 unam
2712 1694 2894 1742 com-

664 1797 924 1846 munem
975 1775 1246 1870 stirpem
1295 1774 1685 1866 referretur,
1737 1772 2131 1869 assignanda
2182 1770 2463 1867 singulis
2494 1770 2685 1866 origo
2723 1780 2890 1864 erat,

568 1882 834 1971 l4quae
898 1875 984 1947 iis
1053 1899 1240 1948 suum
1302 1875 1374 1947 in
1422 1876 1544 1947 illa
1593 1883 1792 1972 gente
1840 1877 2060 1948 locum
2111 1872 2442 1945 definiret.
2556 1870 2656 1944 Et
2704 1873 2775 1943 id
2823 1873 2892 1945 in

640 1975 936 2048 'Latona
1002 1976 1263 2073 quidem
1322 2001 1459 2049 non
1522 1976 1802 2049 absurde
1866 1976 2028 2048 fecit
2088 1974 2191 2066 is,
2265 1974 2451 2048 cuius
2504 1974 2891 2046 sententiam

665 2084 980 2173 sequutus
1032 2086 1137 2150 est
1182 2077 1560 2173 Hesiodus,
1630 2103 1825 2177 quum
1875 2102 1943 2150 v-
2001 2078 2174 2152 134.
2224 2077 2297 2150 in
2345 2074 2706 2148 Titanibus
2767 2099 2892 2148 nu-

665 2184 950 2254 mel-aret

969 2324 1201 2406 Κοῖόν
1245 2358 1325 2405 τε
1374 2324 1612 2429 Κοῖόν
1660 2357 1738 2404 τε
1752 2384 1779 2419 ,

667 2505 941 2578 quorum
1007 2507 1095 2555 ex
1148 2481 1331 2556 Coeo
1382 2481 1701 2556 Phoeben
1763 2488 2037 2554 matrem
2085 2480 2392 2555 Latonae
2458 2505 2607 2554 esse
2672 2480 2887 2556 finxit.

662 2582 1027 2655 Dubitatur
1075 2607 1259 2675 vero,
1313 2585 1470 2679 quid
1518 2586 1651 2655 ista
1688 2582 1855 2656 Coei
1890 2583 2161 2681 Griique
2195 2584 2458 2656 nomina
2490 2582 2887 2680 significent.

664 2684 966 2755 Zenonis
1033 2684 1293 2779 quidem
1355 2685 2002 2779 interpretationem,
2077 2685 2189 2781 qui
2252 2686 2612 2757 scholiasta
2675 2685 2761 2757 ad
2823 2709 2889 2756 V.

669 2786 843 2858 134.
895 2790 1105 2875 teste,
1160 2782 1410 2856 Coeum
1460 2784 1595 2867 τὰς
1645 2780 2056 2880 ποιότητας,
2109 2784 2338 2859 Grium
2389 2795 2643 2878 autem,
2700 2811 2888 2882 quem

504 2905 516 2928 ‘
570 2969 574 2976 ‚
666 2887 937 2981 Κρεῖον
987 2886 1303 2982 scriptum
1352 2885 1680 2958 inveniret
1730 2894 1843 2958 aut
1882 2887 2027 2984 ipse
2055 2888 2154 2959 sic
2181 2888 2525 2980 scriberet,
2577 2886 2714 2961 τὸν
2741 2888 2888 2984 βα-

669 2982 950 3059 σιλικὸν
1012 2986 1139 3059 καὶ
1199 2984 1643 3106 ἡγεμονικὸν
1692 3011 1840 3060 esse
1888 2991 2186 3085 putabat,
2256 3015 2388 3062 non
2441 3014 2608 3088 opus
2635 2999 2768 3062 est
2816 2996 2888 3060 ut

665 3087 1048 3160 refutemus.
1150 3088 1291 3159 Alii
1305 3141 1331 3180 ,
1413 3091 1534 3185 qui·
1573 3093 1810 3185 Κοῖον
1873 3092 2281 3183 scribebant,
2352 3088 2489 3165 τὸν
2534 3089 2888 3187 κρίνοντα

667 3189 799 3262 dici
852 3190 1244 3281 censebant,
1314 3188 1564 3262 Coeum
1616 3199 1872 3282 autem,
1941 3201 2016 3264 ut
2066 3216 2107 3264 a
2153 3196 2355 3267 κοεῖν
2404 3194 2688 3283 dictum,
2754 3190 2889 3266 τὸν

668 3284 999 3365 συνετόν.
1124 3290 1364 3364 Citatis
1428 3315 1469 3364 a
1529 3292 1861 3366 Miitzello
1928 3295 2011 3365 ad
2062 3293 2332 3389 Theog.
2386 3321 2454 3391 p.
2514 3296 2685 3369 189.
2740 3319 2887 3391 sqq.

521 3388 531 3410 ‘
666 3391 820 3464 addi
884 3401 1162 3489 possunt
1224 3393 1293 3464 in
1362 3392 1660 3466 Crameri
1710 3395 1968 3467 Anecd.
2034 3396 2167 3467 vol.
2219 3394 2323 3466 H.
2388 3422 2456 3493 p.
2511 3399 2702 3488 226,
2768 3399 2886 3473 16.

664 3495 842 3586 453,
902 3497 1022 3568 18.
1122 3493 1219 3566 Et
1267 3495 1338 3566 hi
1390 3496 1675 3591 quidem,
1730 3496 1903 3593 quod
1954 3497 2038 3567 ad
2073 3495 2302 3569 Crium
2354 3498 2616 3586 attinet,
2664 3505 2884 3586 recte3

665 3619 797 3666 non
847 3596 1006 3667 item
1057 3595 1136 3667 de
1180 3595 1407 3669 Coeo:
1476 3621 1668 3694 quem
1716 3599 1926 3693 magis
1979 3598 2174 3669 etiam
2225 3600 2459 3671 mirum
2508 3608 2614 3671 est
2653 3599 2886 3671 inven-

665 3703 773 3768 tos
814 3693 972 3768 ¹esse
1025 3697 1137 3793 qui
1171 3722 1210 3768 a
1242 3694 1477 3771 καίειν
1503 3699 1900 3795 appellatum
1937 3707 2268 3795 putarent,
2323 3701 2496 3796 quod
2525 3725 2654 3774 nec
2677 3702 2883 3773 forma

665 3798 983 3889 nominis,
1057 3817 1182 3871 nec
1245 3799 1506 3871 fabulae
1567 3801 1738 3872 ratio
1803 3800 1952 3871 fieri
2001 3802 2348 3898 permittit.
2466 3800 2639 3875 Nam
2689 3826 2881 3899 quum

666 3899 928 3993 singula
980 3899 1297 3972 Titanum
1347 3901 1558 3997 paria,
1610 3909 1877 3998 praeter
1898 3899 2285 3991 Saturnum,
2338 3905 2451 3999 qui
2498 3913 2734 3976 natura
2764 3926 2918 3975 sua-

666 4000 897 4076 unicus
950 4011 1076 4088 est,
1131 4002 1453 4098 oppositis
1503 3995 1678 4079 inter
1726 4027 1798 4076 se
1853 3999 2096 4075 viribus
2133 4004 2585 4101 significandis
2621 4014 2881 4110 reperta

667 4102 824 4190 sint,
878 4110 1175 4197 apertum
1198 4145 1203 4152 ι
1226 4112 1351 4194 est,
1405 4103 1464 4181 si
1514 4129 1711 4175 urens
1763 4104 1853 4176 ali
1901 4129 1983 4176 ua
2034 4106 2133 4177 vis
2186 4104 2369 4180 Coeo
2422 4109 2877 4196 subiiceretur,

667 4200 812 4275 Grii
842 4203 1101 4275 nomine
1131 4205 1614 4286 exstinctricem
1649 4213 1762 4276 aut
1790 4130 2339 4304 rein-igeratricem
2374 4209 2653 4281 indicari
2682 4231 2881 4304 opor-

663 4311 850 4378 tere:
917 4305 1091 4402 quod
1140 4309 1323 4409 patet
1372 4305 1519 4377 fieri
1565 4332 1698 4379 non
1749 4332 1973 4411 posse,
2009 4309 2155 4406 *nisi
2207 4310 2352 4407 quis
2405 4311 2578 4383 forte
2626 4315 2881 4407 Κρῦον

666 4406 735 4476 in
802 4407 1082 4483 medium
1149 4409 1382 4485 afferre
1449 4409 1712 4511 audeat.
1826 4407 2038 4483 Immo
2101 4436 2339 4516 verum,
2389 4412 2635 4492 vidisse
2696 4407 2877 4503 illos,
