3192 4992
597 399 704 466 76
1193 359 1582 460 *DEFENSIO
1621 398 2227 459 mssnarATlole

621 592 977 687 assequor,
1049 589 1138 639 ex
1185 565 1516 639 Boeckhii
1579 565 1908 639 sententia
1956 590 2090 636 vox
2139 564 2299 655 illa,
2371 586 2538 660 quae
2589 584 2723 680 per·
2759 585 2833 633 88

620 672 788 745 nihil
837 670 969 742 nisi
1018 669 1472 765 exceptionem
1530 670 1633 740 vel
1677 667 2165 740 successionem
2216 666 2571 761 significat,
2624 663 2832 759 primo

626 772 939 845 dilatatur
986 771 1209 842 aliena
1248 771 1518 842 notione
1568 777 1900 865 suscepta,
1959 776 2033 840 ut
2082 770 2172 840 sit
2221 766 2555 839 successio
2605 765 2676 836 in
2723 788 2837 836 re-

626 874 950 947 citandis·
969 872 1399 945 carminibus·
1380 923 1401 960 ,
1475 870 1710 943 deinde
1766 879 1983 942 autem
2031 894 2290 940 rursum
2337 872 2830 963 coangustatur,

616 975 883 1046 ,abiecta
931 996 1012 1045 ea
1060 973 1165 1045 sui
1211 980 1428 1069 parte,
1480 996 1645 1070 quae
1675 971 2073 1091 principalis
2105 979 2230 1061 est,
2284 977 2610 1066 exutaque
2642 967 2836 1063 plane

624 1086 859 1149 natura
908 1099 1053 1167 sua,
1104 1084 1180 1147 ut
1228 1075 1370 1145 sine
1405 1075 1822 1147 successione
1852 1073 2260 1169 relinquatur
2300 1070 2606 1143 carminis
2645 1069 2836 1139 unius

625 1177 956 1250 recitatio.
1057 1174 1143 1246 Id
1195 1175 1455 1271 quidem
1520 1200 1715 1273 quum
1772 1174 2016 1247 factum
2080 1197 2227 1246 8888
2289 1173 2546 1245 idoneis
2596 1194 2670 1242 88
2719 1169 2862 1251 ad-⁴

626 1279 892 1352 ductum
941 1278 1357 1373 argumentis
1393 1277 1789 1349 iudicavisse
1818 1283 2096 1348 testetur
2124 1273 2531 1364 Boeckhius,
2581 1295 2706 1343 nec
2734 1278 2842 1342 ta-

626 1405 776 1452 men
826 1402 992 1476 quae
1041 1377 1164 1452 illa
1212 1387 1595 1474 argumenta
1646 1379 1780 1451 sint
1828 1378 2097 1469 dixerit,
2150 1402 2282 1448 nou
2331 1383 2493 1472 puto
2534 1398 2681 1445 eum
2712 1372 2841 1444 hoc

518 1555 531 1562 ,
628 1504 785 1553 vera
836 1504 1239 1577 cognoscere
1293 1480 1729 1576 cupientibus,
1781 1479 1898 1550 sed
1948 1480 2145 1569 illis,
2194 1477 2427 1574 quihus
2477 1476 2581 1548 sui
2628 1474 2844 1546 nomi-

627 1583 733 1654 nis
783 1582 1238 1654 auctoritatem
1289 1582 1452 1653 satis
1505 1606 1652 1654 esse
1705 1581 1858 1671 scit,
1911 1581 2286 1675 scripsisse.
2368 1577 2689 1650 Eiusdem
2722 1598 2847 1702 ge-

626 1684 807 1756 neris
838 1692 1000 1775 est,
1055 1682 1229 1778 quod
1279 1684 1501 1758 statim
1551 1684 1885 1779 sequitur.
1966 1682 2215 1753 Porro
2267 1678 2480 1780 quod
2521 1671 2846 1751 ἀνταπό-

630 1783 848 1858 δοσιν
896 1782 1272 1880 ὑποβολῆς
1317 1811 1427 1860 vs.
1485 1790 1551 1859 l.
1605 1797 1689 1858 et
1728 1780 2111 1878 ὑποβολὴν
2158 1808 2266 1866 vs.
2310 1784 2383 1855 4.
2433 1779 2635 1853 idem
2683 1802 2848 1852 esse

631 1887 933 1960 conieci
943 1938 966 1973 ‚
1047 1883 1142 1957 id
1207 1887 1518 1960 minime
1584 1882 1988 1983 probabile
2051 1884 2508 1957 Hermanno
2572 1883 2843 1953 visum.

626 1988 896 2079 „Nam
958 1998 1338 2061 accurate
1400 1990 1595 2061 solet
1651 1989 1739 2061 in
1803 1983 2180 2061 eiusmodi
2218 1978 2848 2082 inscriptionibus

623 2114 881 2190 genus
931 2089 1382 2164 certaminis
1426 2086 1857 2188 desig-nari,
1907 2112 2054 2162 nec
2103 2098 2264 2159 tam
2304 2086 2551 2183 parci
2590 2079 2848 2157 verbo-

628 2216 810 2265 rum
818 2187 1087 2286 fuere,
1141 2192 1281 2289 qui
1302 2192 1487 2263 istos
1515 2193 1779 2264 titulos
1790 2184 2232 2288 faciebant,
2268 2198 2365 2259 ut
2395 2184 2607 2288 quod
2616 2190 2851 2283 prius

503 2349 508 2356 .
627 2280 916 2365 diserte
963 2289 1373 2383 dicissent,
1424 2291 1702 2366 deinde
1754 2290 2057 2365 brevius
2104 2288 2571 2363 indicarent.
2576 2295 2627 2334 ‘⁶
2718 2286 2849 2359 Vi-
2940 2363 2945 2376 ,

627 2393 860 2468 detur
907 2391 1051 2466 hoc
1099 2394 1217 2466 ita
1264 2395 1458 2484 illis,
1526 2397 1669 2494 qui
1704 2419 2018 2490 paucas
2069 2401 2526 2464 tractarunt
2572 2389 2848 2462 inscri-

620 2498 974 2595 ptiones;
1024 2493 1213 2566 mihi
1257 2492 1519 2569 licebit
1565 2498 1798 2571 aliter
1834 2494 2215 2583 iudicare,
2267 2494 2407 2593 qui
2435 2491 2850 2563 tractarim

623 2598 1036 2695 plurimas.
1143 2596 1309 2685 Quis
1358 2591 1628 2669 nescit?
1694 2597 1812 2668 sed
1876 2620 1956 2667 eo
2007 2595 2271 2667 facilius
2320 2594 2574 2689 aliquot
2623 2615 2851 2664 exem·

608 2698 745 2795 pla
793 2697 1132 2793 impertire
1182 2704 1489 2791 potuerat
1540 2720 1628 2768 ex
1678 2698 1880 2768 tantis
1933 2696 2192 2792 opibus,
2262 2704 2538 2791 quantas
2590 2693 2852 2788 quidem
2906 2721 2920 2730 ·

630 2799 830 2871 etiam
883 2798 997 2893 qui
1044 2809 1180 2867 non·
1228 2804 1617 2889 tractarunt,
1673 2807 1853 2869 certe
1892 2796 2174 2893 legendo
2214 2804 2570 2892 potueruut
2597 2820 2852 2891 coguo-

631 2923 846 2972 scere.
951 2895 1300 2969 Caeterum
1348 2899 1514 2970 haec
1565 2923 1822 2995 quoque
1885 2899 2056 2970 ratio
2122 2922 2263 2969 nou
2305 2906 2409 2969 est
2456 2905 2637 2969 recte
2688 2921 2854 2968 cou-

525 3017 530 3022 ·
632 3001 845 3091 clusa,
900 2999 1054 3095 quia
1083 3007 1214 3070 no'n
1246 3000 1567 3096 sequitur,
1622 3001 1736 3098 qui
1766 3000 2080 3097 plurimas
2108 2999 2574 3096 inscriptiones
2603 3007 2854 3070 tracta·-

630 3103 844 3193 verit,
920 3101 985 3173 ei
1048 3109 1121 3172 ut
1173 3101 1566 3173 credendum
1631 3103 1721 3175 sit
1781 3103 1854 3173 in
1903 3102 2228 3174 omuibus.
2346 3099 2703 3173 Concludit
2751 3100 2854 3171 vir

632 3203 1113 3277 eruditissimus
1166 3202 1674 3299 disputationem
1717 3227 1898 3275 suam
1926 3204 2054 3277 hoc
2088 3227 2415 3276 sermone.
2494 3203 2856 3305 Denique

632 3331 873 3431 quam
934 3305 1439 3377 Hermannus
1516 3308 1682 3402 ipse
1756 3306 2074 3404 profert
2137 3306 2855 3402 interpretationem

629 3405 1004 3505 ὑποβολῆς
1055 3402 1619 3489 ἀνταποδόσεως
1667 3419 1748 3481 et
1792 3406 2162 3501 ὑποβολῆς
2191 3432 2297 3478 cs.
2335 3411 2401 3479 l.
2432 3415 2513 3479 et
2538 3408 2610 3478 4.
2662 3405 2861 3477 Teii

531 3585 534 3592 ,
633 3511 882 3601 tituli,
947 3506 1045 3580 de
1094 3509 1260 3581 eius
1309 3511 1636 3582 veritate
1699 3512 1863 3604 ipse
1914 3506 2220 3609 quidem
2267 3505 2465 3579 dicit
2494 3503 2860 3579 dubitari

516 3673 524 3686 .
610 3615 795 3683 'non
836 3632 1099 3705 posse,
1178 3607 1324 3682 sed
1376 3634 1647 3683 vereor
1707 3620 1804 3681 ut
1859 3633 2031 3682 eam
2088 3605 2368 3705 probet
2413 3608 2854 3682 scholarum

632 3723 1105 3785 nostrarum
1114 3709 1517 3835 discipulis
1543 3724 1626 3784 et
1649 3712 2073 3810 magistris,
2127 3709 2242 3783 ad
2266 3736 2595 3812 quorum
2626 3734 2854 3782 usum

449 3809 454 3816 ’
538 3814 1027 3937 l2provocat.
1112 3812 1325 3885 Nam
1356 3808 1804 3910 ὑποβάλλειν
1853 3837 2092 3912 quum
2140 3814 2246 3887 sit
2287 3835 2772 3911 suggerer
2787 3835 2852 3900 e,

634 3911 1014 4011 ὑποβολὴν
1061 3911 1255 3986 dicit
1302 3938 1487 4004 esse,
1552 3916 2135 4004 „recitationem
2163 3912 2487 4009 factam
2510 3914 2854 3986 memori-
2978 3937 2985 3940 ‘

637 4028 794 4107 ter,
859 4014 1004 4089 sed
1044 4014 1405 4090 adstante
1468 4018 1610 4116 qui
1654 4039 1766 4088 ex
1814 4019 2106 4114 scripto
2154 4011 2391 4089 verba
2442 4024 2852 4115 suggerat,

633 4142 737 4193 ne
773 4116 1004 4215 forte
1050 4116 1380 4191 haesitet
1437 4128 1518 4191 et
1551 4112 2060 4215 perturbetur
2123 4118 2195 4189 is
2207 4170 2229 4208 ,
2302 4118 2442 4218 qui
2485 4114 2859 4190 eiusmodi

636 4221 1041 4320 specimem
1090 4215 1465 4293 exhibet“
1520 4230 1609 4310 et
1663 4216 2043 4315 ὑποβολὴν
2094 4213 2657 4301 ἆνταποὸόσεως
2707 4220 2857 4317 (ita

636 4324 842 4394 enim
870 4323 1250 4395 construit
1281 4319 1508 4418 haec)
1558 4323 2141 4412 „recitationem
2169 4315 2513 4411 diver-bii,
2564 4324 2649 4396 in
2678 4344 2852 4422 quo,
2912 4332 2925 4337 ’

638 4425 780 4522 qui
834 4418 1258 4513 recitabat,
1324 4425 1735 4524 utriusque
1797 4425 2392 4526 colloquentium
2453 4425 2855 4524 ingenium
2912 4466 2923 4471 ·
