3192 4992
725 335 827 397 DE
869 333 1303 397 TRAGOEDIA
1344 333 1883 403 coMoEmAQUE
1922 338 2216 401 LYRICA'.
2452 338 2585 410 m

359 495 781 592 σαλπικτάς,
828 469 1441 629 ἐγκωμιογρᾶφος
1467 503 1570 583 εἷς
1598 498 1734 575 τὸν
1766 499 2303 631 αὐτοκράτορα,
2352 503 2635 634 ἐγκώ-

358 631 534 701 μιον
571 606 671 684 εἰς
717 598 1066 689 Μούσας,
1118 600 1417 699 ποιητὴς
1465 606 1567 685 εἷς
1605 599 1743 677 τὸν
1775 601 2323 733 αὐτοκροξτορα,
2373 608 2682 706 ποίη-15

239 747 250 754 «
354 731 466 808 μα
539 707 642 787 εἰς
715 701 852 787 τοὶς
916 699 1277 791 Μούσας,
1359 699 1754 801 ῥαψῳδός,
1835 704 2277 796 πυθαύλας,
2355 712 2583 784 κιθα-

355 802 646 900 ριστοίς,
716 803 1105 931 τραγῳδὸς
1149 811 1484 888 παλαιᾶς
1545 804 2006 916 τραγῳδίας,
2072 807 2369 906 ποιητὴς
2421 838 2586 885 και-

351 913 484 1002 νῆς
528 904 970 1002 κωμῳδίας,
1040 905 1434 1003 ὑποκριτὴς
1479 914 1738 1002 καινῆς
1783 899 2222 1005 κωμῳδίας,
2288 910 2588 1009 ποιητὴς

347 1013 610 1103 καινῆς
656 1006 1117 1134 τραγῳδίας,
1183 1006 1601 1134 ὑποκριτὴς
1625 1016 1882 1105 καινῆς
1930 1009 2390 1137 τραγῳδίας,
2445 1041 2585 1108 χο-

347 1104 669 1206 ραύλας,
721 1107 1120 1205 νεαρῳδός,
1174 1104 1782 1212 σατυρογραφος,
1838 1108 1965 1186 διὰ
2014 1108 2343 1194 πάντων.
2442 1115 2582 1188 llic

346 1212 633 1283 maxime
686 1212 1126 1288 memorabilis
1179 1213 1358 1285 visus
1422 1223 1526 1285 est
1573 1211 1922 1285 Boeckhio
1991 1214 2376 1316 τραγῳδὸς
2436 1245 2583 1290 πα·-

344 1316 561 1395 λαιᾶς
605 1309 1052 1414 τραγῳδίας,
1105 1314 1295 1409 isque
1320 1314 1639 1410 Aspendo
1694 1314 2032 1410 oriundus,
2087 1317 2196 1388 cui
2247 1317 2422 1414 quod
2470 1319 2580 1391 lu-
2686 1313 2689 1318 A

346 1415 516 1486 strio
567 1440 701 1487 nou
752 1416 843 1486 sit
893 1415 1214 1506 adiectus,
1267 1416 1512 1487 afuisse
1563 1415 1888 1492 actionem
1939 1418 2019 1487 ab
2072 1418 2216 1489 eius
2262 1419 2577 1492 carmine.
2654 1415 2662 1427 ¹

342 1496 554 1588 Putat
619 1525 835 1588 autem
902 1539 942 1587 a
1010 1517 1421 1589 describente
1484 1517 1829 1612 neglectos
1896 1542 2044 1590 esse
2103 1519 2269 1592 duos
2319 1545 2575 1613 versus,

346 1618 583 1712 quibus
647 1617 1018 1689 nominatus
1089 1618 1289 1689 fuerit
1348 1614 1712 1713 κωμῳδὸς
1772 1625 2090 1702 παλαιᾶς
2151 1618 2576 1718 κωμῳδίας.

345 1717 483 1810 Qui
533 1742 741 1791 novae
791 1719 1169 1791 comoediae
1220 1720 1733 1817 tragoediaeque
1797 1732 2035 1816 poetae
2100 1731 2167 1794 et
2217 1723 2576 1797 histriones

342 1820 802 1912 nominantur,
874 1844 1099 1892 omues
1169 1845 1317 1893 esse
1366 1820 1852 1912 Athenienses,
1924 1832 2290 1917 satyrorum
2356 1835 2575 1898 autem

343 1922 739 2019 scriptorem
803 1945 1032 1993 rursus
1079 1921 1448 2014 Boeotum,
1516 1923 1761 2019 quippe
1811 1946 1934 2019 per
1982 1948 2288 1997 errorem
2316 1915 2605 2021 Ὗμήτ-’

339 2048 507 2096 τιον
568 2048 692 2120 pro
748 2018 1075 2117 Υήττιον
1136 2048 1284 2096 esse
1352 2024 1698 2121 scriptum.
1813 2022 1994 2097 Hinc
2058 2026 2215 2122 quid
2278 2030 2572 2123 apertius

339 2147 519 2215 οῦκ,
565 2148 778 2221 qnam
831 2124 958 2196 duo
1012 2124 1271 2197 diversa
1323 2126 1820 2198 commemorari
1871 2128 2253 2223 tragoediae
2305 2154 2574 2204 comoe-

337 2223 623 2323 diaeque
674 2249 959 2322 genera,
1032 2250 1238 2322 eaque
1291 2227 1487 2299 etiam
1536 2226 1781 2299 veteris
1847 2236 1916 2299 et
1965 2228 2121 2301 novi
2171 2232 2574 2326 appellatio-

320 2327 535 2400 -nibus
587 2327 900 2400 distincta
918 2319 956 2398 Ρ
1019 2343 1231 2422 neque
1283 2328 1451 2399 enim
1505 2327 1676 2418 fore,
1731 2328 1844 2423 qui
1877 2328 1958 2399 de
1994 2352 2101 2419 ea,
2155 2351 2320 2425 qnae
2353 2332 2572 2404 Athe·-

334 2428 444 2501 nis
494 2436 688 2502 vetus
738 2437 807 2500 et
858 2450 1030 2500 nova
1078 2428 1418 2500 comoedia
1468 2427 1646 2500 dicta
1695 2428 1919 2520 fuerit,
1973 2429 2393 2549 cogitandum
2441 2457 2571 2529 pu—

333 2529 461 2603 tet.
568 2528 897 2603 Similiter
944 2529 1015 2602 iu
1066 2529 1198 2600 alia
1243 2529 1713 2627 inscriptione,
1775 2530 1846 2600 in
1895 2480 2225 2604 'llelicone
2274 2533 2566 2626 inventa,
2590 2625 2611 2630 -

247 2663 254 2672 ²
335 2633 444 2725 (ιι.
507 2632 727 2707 1586.
790 2654 863 2731 p.
915 2633 1125 2727 768.)
1191 2631 1579 2728 tragoedum
1645 2629 2101 2722 Corinthium,
2183 2634 2566 2707 comoedum

329 2724 835 2829 Atheniensem,
887 2731 1007 2803 sed
1056 2732 1303 2804 nnllam
1354 2732 1677 2804 actionem
1730 2730 2150 2805 dramaticum
2189 2737 2566 2809 memorari.
2658 2733 2684 2798 ⁴·

328 2822 492 2909 Hoc
542 2834 802 2931 quidem
850 2834 1222 2931 exemplum
1272 2841 1504 2907 contra
1544 2857 1619 2905 se
1652 2833 1875 2905 attulit
1908 2832 2314 2909 Boeekhius
2391 2836 2565 2911 Nam

331 2936 395 3009 si
444 2960 539 3009 ex
587 2936 806 3034 patria
852 2942 1090 3033 poetae
1142 2936 1512 3007 cantorisve
1563 2933 1646 3006 de
1697 2958 1942 3030 genere
1985 2937 2292 3009 carminis
2332 2935 2564 3011 conie-

332 3046 594 3111 cturam
640 3037 827 3128 facit,
881 3035 1038 3131 quid
1086 3036 1306 3107 alind
1317 3036 1639 3133 seqnitur,
1692 3059 1885 3132 qnam
1919 3045 2036 3109 aut
2065 3036 2266 3109 istum
2295 3063 2562 3112 comoe-

225 3171 230 3176 ·
330 3139 490 3211 dum
537 3138 1010 3211 Atheniensem
1059 3161 1193 3209 nou
1245 3138 1565 3209 cecinisse
1632 3138 1903 3233 lyricam
1956 3138 2243 3256 aliquam
2292 3155 2563 3213 comoe-

329 3239 508 3313 diam
539 3239 991 3330 Doriensium,
1044 3247 1159 3310 ant
1207 3237 1440 3310 falsam
1491 3262 1639 3310 esse
1691 3262 1858 3335 quae
1909 3261 1992 3311 ex
2045 3239 2263 3336 patria
2312 3239 2393 3311 de
2435 3265 2560 3338 ge-

327 3366 495 3417 nere
546 3342 853 3414 carminis
905 3341 1284 3413 coniectura
1332 3333 1686 3437 capiatur?

536 3441 691 3517 Non
743 3442 989 3515 moveri
1050 3466 1123 3514 se
1187 3442 1290 3513 his
1352 3441 1716 3534 rationibus
1781 3440 2120 3538 professus
2171 3448 2274 3513 est
2320 3439 2556 3516 Lobe-

184 3607 193 3622 .
319 3544 566 3620 ckius·
619 3568 766 3616 nam
816 3571 958 3641 τρα
1008 3540 1211 3639 ῳδὸν
1257 3548 1575 3625 παλαιᾶς
1605 3539 2028 3643 τραγῳδίας
2055 3542 2556 3662 intelligendum

327 3669 484 3721 eme
551 3648 665 3743 qui
726 3646 928 3743 aliqui
1039 3669 1124 3717 ex
1189 3645 1409 3741 aliqua
1459 3651 1681 3716 vetere
1747 3644 2089 3740 tragoedia
2134 3645 2550 3719 recitaverit·
2528 3698 2551 3736 ,

323 3757 594 3847 poetam
658 3755 876 3820 autem
937 3752 1196 3843 καινῆς
1251 3742 1676 3846 τραγῳδίας
1737 3753 1807 3818 et
1853 3751 2109 3840 καινῆς
2152 3744 2555 3843 κωμῳδίας
2630 3747 2635 3762 “

329 3874 481 3923 esse
532 3874 706 3942 eum,
759 3849 873 3945 qui
920 3872 1154 3921 novam
1204 3847 1480 3921 necdum
1530 3847 1751 3920 notam
1800 3846 2083 3920 fabulam'
2109 3846 2547 3944 produceret·

327 3953 536 4024 multo
586 3950 879 4079 saepius
903 3950 1074 4022 enim
1120 3946 1554 4049 τραγῳδοὺς
1597 3943 1992 4037 παλαιούς,
2055 3948 2107 4019 i.
2158 3973 2222 4022 e.
2271 3949 2549 4037 παλαιὰ

326 4048 681 4149 δράματα
728 4046 1185 4154 εῑςᾶγοντας,
1248 4049 1660 4123 introductos
1710 4050 1921 4122 videri
1984 4073 2175 4147 quam
2220 4045 2549 4139 καινούς)

328 4153 417 4248 ol)
467 4173 778 4227 summam
842 4155 1243 4252 tragicorum
1301 4152 1696 4250 paucitatem
1716 4205 1740 4243 ,
1811 4174 2002 4247 quam
2064 4159 2346 4225 testetur
2392 4150 2546 4226 Ln-

327 4255 620 4349 cianus,
648 4257 720 4329 iu
785 4281 1043 4330 encom.
1109 4253 1459 4327 Demosth.
1526 4278 1589 4326 c.
1640 4257 1766 4328 27.
1832 4253 2166 4339 scribens:
2245 4251 2373 4327 καὶ
2431 4259 2543 4349 τῷ

326 4354 675 4454 Διονύσῳ
738 4385 824 4432 το
885 4354 1026 4453 μὲν
1088 4351 1382 4453 ποίησιν
1441 4354 1707 4451 καινὴν
1771 4358 2004 4429 ποιεῖν
2050 4351 2543 4451 κωμῳδίας*
2493 4384 2542 4451 η

412 4475 640 4543 Hunni.
683 4473 799 4540 ΟΡ.
853 4472 992 4547 vll.
2080 4471 2137 4557 Ρ
