3192 4992
484 1325 869 1524 ‘pu
1046 1350 2340 1555 ATLANTuq
2583 1422 2717 1493 a

1271 1651 1676 1660 --—-—-——--—

354 1823 601 1932 Nulla
648 1881 805 1954 pars
857 1855 1264 1954 antiquitatis
1317 1865 1444 1948 est,
1500 1858 1570 1929 in
1626 1881 1753 1954 qua
1794 1857 2185 1954 explicanda
2222 1859 2433 1931 maior
2465 1859 2586 1931 ad·-

353 1955 640 2030 hibenda
691 1960 780 2031 sit
830 1961 1075 2049 cautio,
1130 1981 1320 2055 quam
1373 1982 1483 2030 res
1527 1959 2034 2055 mythologicae.
2142 1957 2304 2031 Nam
2349 1970 2416 2034 et
2447 1963 2588 2033 ori-

241 2063 302 2148 ξ
353 2061 548 2153 gines
611 2060 976 2132 fabularum
1040 2061 1182 2133 fere
1249 2069 1378 2132 tam
1434 2062 1755 2133 obscurae
1804 2068 1993 2150 sunt,
2059 2071 2128 2132 et
2192 2063 2584 2134 mutationes

352 2174 491 2233 tam
541 2162 807 2252 variae,
890 2169 959 2233 et
1021 2162 1501 2257 interpretandi
1565 2163 1712 2233 viae
1776 2186 1898 2258 per
1945 2163 2235 2257 ipsorum
2294 2161 2585 2235 v‘eterum

350 2262 551 2336 modo
603 2263 978 2353 levitatem,
1045 2263 1788 2353 modo.credulitatem,
1859 2262 2051 2334 modo
2104 2264 2397 2358 argutias
2450 2272 2582 2337 tam

350 2364 628 2455 multae,
681 2373 779 2454 nt,
834 2364 982 2434 dum
1041 2365 1245 2434 vitare
1298 2387 1589 2434 errorem
1641 2364 1832 2454 velis,
1886 2363 2026 2434 fere
2076 2364 2145 2435 in
2189 2366 2358 2435 alios
2393 2389 2584 2435 erro-

350 2489 464 2538 res
516 2464 799 2556 incidas,
850 2465 1049 2560 idque
1103 2488 1183 2535 eo
1235 2464 1537 2554 facilius,
1593 2488 1722 2561 quo
1777 2464 2045 2536 doctius
2088 2475 2155 2536 et
2207 2467 2461 2537 acutius
2513 2476 2581 2538 te

351 2589 498 2638 rem
549 2566 909 2662 explanare
957 2575 1177 2663 putes.
1293 2563 1588 2636 Evenit-e
1652 2565 1722 2637 id
1790 2567 2080 2637 videmus
2130 2566 2325 2637 etiam
2376 2568 2462 2638 iis
2511 2567 2583 2639 in

350 2667 636 2758 fabulis,
710 2690 876 2763 quae
941 2667 1275 2764 explicatu
1338 2666 1694 2737 facillimae
1757 2677 1946 2738 sunt=
2029 2668 2240 2763 qualis
2306 2679 2410 2740 est
2473 2692 2578 2759 ea,

292 2819 296 2832 ·
351 2769 546 2842 cuins
594 2769 898 2865 exemplo
967 2791 1131 2864 quae
1182 2767 1325 2839 dixi
1375 2768 1804 2863 comprobare
1861 2769 2051 2859 volo,
2121 2791 2286 2864 quae
2338 2778 2442 2841 est
2495 2769 2576 2841 de
2700 2763 2705 2772 ’

350 2871 627 2943 Atlante
674 2869 892 2966 Iapeti
941 2870 1109 2941 lilio.
1225 2868 1336 2941 De
1401 2892 1478 2940 ea
1530 2868 1753 2940 fabula
1803 2891 1995 2966 quum
2049 2871 2162 2941 alii
2216 2872 2574 2968 scripsere,

351 2981 495 3046 tum
545 2971 1002 3069 copiosissime
1050 2969 1411 3067 explicavit
1462 2968 1694 3042 (2:11.
1750 2968 1846 3043 G.
1897 2969 2319 3042 Voelckerus
2370 2973 2438 3044 in
2494 2997 2576 3044 eo

351 3073 570 3164 libro,
637 3097 826 3170 quem
879 3072 963 3143 de
1012 3073 1208 3143 rebus
1258 3069 1705 3168 Iapetidarum
1757 3072 2177 3169 conscripsit.
2280 3072 2578 3164 Quorum

352 3176 645 3247 virorum
707 3174 1032 3246 industria
1097 3173 1225 3245 etsi
1272 3172 1743 3270 propemodum
1793 3174 2114 3245 exhausta
2164 3172 2575 3264 videbantur,

354 3301 527 3374 quae
578 3277 711 3348 dic‘i
762 3274 843 3347 de
893 3275 1024 3348 ista
1071 3299 1146 3346 re
1196 3282 1508 3371 possent,
1578 3282 1796 3346 tamen
1846 3299 1975 3346 non
2030 3275 2453 3369 acquiescens
2486 3276 2576 3347 'in

352 3377 466 3450 his
527 3376 634 3449 Μ.
686 3375 781 3450 G.
846 3375 1223 3466 Heffterus,
1312 3374 1489 3446 edita
1549 3375 1620 3446 in
1685 3375 1963 3448 Diurnis
2028 3375 2444 3460 scholasticis
2510 3400 2577 3447 a.

354 3475 1030 3554 MDCCCXXXII.
1080 3477 1201 3549 fol.
1232 3478 1614 3552 74—76.
1667 3476 2153 3568 dissertatione,
2207 3501 2378 3549 novo
2410 3502 2577 3573 quo-

357 3580 507 3652 dam
560 3580 752 3652 modo
803 3579 886 3650 de
934 3578 1206 3651 Atlante
1257 3577 1592 3674 disputare
1644 3586 1749 3650 est
1799 3589 2097 3650 conatus.
2213 3577 2404 3669 Quod
2457 3579 2575 3651 ille

355 3681 703 3777 ingeniose
756 3678 1041 3777 quidem,
1094 3681 1211 3752 sed
1262 3689 1476 3752 tamen
1527 3679 1624 3751 ita
1674 3679 1858 3772 fecit,
1914 3689 1985 3752 ut
2029 3680 2170 3751 eius
2216 3680 2574 3777 disputatio

357 3806 573 3880 neque
640 3782 869 3854 ordine
934 3782 1108 3855 iusto
1173 3779 1572 3878 procedere,
1610 3789 1716 3853 *et
1772 3783 1845 3852 in
1913 3780 2297 3877 quibusdam
2361 3782 2574 3878 iisque

357 3885 733 3982 praecipuis
784 3883 1079 3981 partibus
1117 3884 1536 3955 veliementer
1569 3882 1883 3955 vacillare
1917 3883 2237 3957 videatur.
2337 3882 2576 3981 Magni

532 4137 590 4222 1)
644 4140 803 4200 Edita
845 4149 925 4199 est
966 4160 1015 4198 a.
1063 4136 1244 4198 1836.
1330 4138 1614 4197 Censuram
1660 4142 1773 4197 eins
1816 4142 2022 4216 scripsit
2062 4137 2330 4198 Heffterus
2373 4144 2427 4197 in
2466 4138 2576 4198 An·

361 4226 566 4285 talibus
615 4227 938 4305 philologieis
993 4233 1044 4283 et
1095 4224 1460 4303 paedagogicis
1513 4244 1562 4282 a.
1624 4221 1804 4285 1837.
1864 4224 1993 4282 fasc.
2038 4222 2095 4283 3.
2151 4246 2200 4301 p.
2246 4221 2389 4281 248.
2432 4244 2573 4300 seqq.

363 4308 535 4369 Aliam
579 4330 789 4386 cauitque
829 4310 978 4368 valde
1020 4310 1300 4368 mirabilem
1344 4309 1549 4367 fabulae
1582 4311 1970 4384 explicationem
2011 4310 2219 4386 protulit
2249 4309 2323 4365 lo.
2358 4306 2576 4367 Uschol·

364 4394 461 4454 dus
503 4401 558 4453 in
597 4394 736 4453 Atrii
778 4396 1010 4454 Graecae
1047 4394 1295 4454 historiae
1335 4404 1390 4455 ct
1428 4393 1774 4473 mythologiae
1812 4394 1917 4455 vol.
1956 4394 2031 4455 ΙΙ.
2068 4414 2120 4471 p.
2165 4385 2306 4451 191.
2347 4409 2492 4471 seqq.

448 4490 676 4560 Hnnu.
722 4489 840 4559 01».
896 4488 1041 4561 vll.
2127 4487 2184 4564 Q
