3192 4992
711 362 810 426 DE
852 359 1149 422 DUABUS
1173 325 1834 422 emscnimmmns
1878 360 2210 424 emnem.
2450 357 2574 425 185
2698 383 2707 390 =

651 522 926 609 παῖδας
975 519 1286 599 στάδιον
1332 528 1464 619 τῆς
1508 518 1804 620 πρώτης
1846 522 2150 654 ἦλτικίας.

651 625 928 709 παῖδας
977 621 1287 700 στάδιον
1334 632 1465 720 τῆς
1513 623 1862 752 δευτέρας
1906 625 2207 723 ἡλικίας.

652 726 930 811 παῖδας
981 722 1291 802 στάδιον
1339 733 1469 823 τῆς
1513 724 1764 824 τρίτης
1808 726 2110 825 ἡλικίας.

755 827 1031 912 παῖδας
1057 831 1157 906 ἐκ
1206 822 1515 904 πάντων
1564 825 1895 906 στάδιον.

760 929 1046 1028 ἄνδρας
1094 924 1424 1005 στάδιον.

659 1030 937 1115 παῖδας
983 1029 1295 1106 δίαυλον
1342 1037 1473 1127 τῆς
1518 1024 1813 1126 πρωτης
1857 1029 2159 1127 ἡλικίας.

660 1131 933 1216 παῖδας
982 1130 1295 1208 δίαυλον
1341 1140 1473 1228 τῆς
1521 1129 1571 1205 δ
1572 1159 1867 1230 ευτερας
1912 1131 2217 1229 ἡλικίας.
2692 1159 2703 1168 ·

656 1233 931 1319 παῖδας
978 1231 1291 1309 δίαυλον
1336 1241 1465 1330 τῆς
1512 1231 1760 1329 τρίτης
1803 1231 2104 1330 ἡλικίας.
2584 1232 2678 1306 ll

759 1334 1037 1419 παῖδας
1085 1338 1167 1410 ἐκ
1214 1332 1522 1411 πάντων
1570 1332 1905 1411 δίαυλον.
1992 1427 1999 1434 ἡ

766 1436 1054 1537 ἄνδρας
1101 1435 1433 1513 δίαυλον.

359 1589 624 1666 Eodem
674 1590 869 1664 modo
922 1588 1370 1687 accipiendum
1404 1612 1578 1680 esse,
1607 1588 1863 1714 quod
1840 1616 1908 1661 ιιι
1943 1589 2374 1689 inscriptione
2408 1591 2588 1669 425.

363 1719 437 1792 p.
488 1693 667 1768 455.
732 1693 1016 1789 legitur,
1096 1696 1201 1787 τῷ
1264 1718 1457 1764 κατα
1521 1717 1829 1765 παντων
1879 1695 1954 1763 Γ
1947 1692 2089 1789 αίω
2152 1700 2259 1789 τῷ
2323 1690 2588 1790 πύκτῃ,

364 1796 620 1867 monuit
646 1792 1054 1885 Boeckhius,
1105 1762 1406 1888 idemque
1440 1801 1624 1864 recte
1660 1792 1805 1863 ad
1782 1818 1989 1865 mser.
2037 1764 2256 1870 1585‘.
2310 1821 2380 1914 p.
2411 1800 2589 1873 768.

263 1904 282 1924 ‘
367 1895 742 1986 intellexit,
808 1894 984 1967 aliud
1038 1918 1222 1986 esse,
1293 1893 1464 1989 quod
1515 1893 1586 1963 in
1637 1894 1758 1965 illa
1809 1896 2085 1992 aliisque
2138 1898 2593 2019 inscriptioni-

368 1999 491 2070 bus
542 2006 645 2069 est
695 1947 823 2072 διὰ
873 2022 1199 2069 παντων.
1234 1996 1332 2094 ¹⁰)
1435 1993 1619 2065 Illud
1680 2004 1894 2068 tamen
1948 2023 2078 2069 non
2143 2007 2301 2095 puto
2357 2001 2594 2074 verisi-

370 2101 524 2172 mile
553 2124 727 2192 esse,
778 2107 878 2190 ut,
932 2097 1517 2194 quemadmodum
1495 2098 1628 2192 lpsi
1663 2097 2028 2190 videbatur,
2083 2101 2365 2172 omnium
2397 2103 2593 2174 trium

372 2210 651 2274 aetatum
721 2225 951 2274 cursus
1014 2207 1169 2295 post
1222 2222 1484 2271 cursum
1534 2199 1937 2294 singularum
1993 2208 2278 2272 aetatum
2328 2202 2595 2275 institu-

373 2313 479 2376 tus
528 2302 754 2395 fuerit,
804 2303 876 2373 in
930 2325 1055 2396 quo
1110 2299 1223 2395 qui
1275 2323 1500 2370 omnes
1552 2307 1689 2371 tres
1742 2307 1990 2371 aetates
2028 2302 2223 2372 simul
2258 2313 2596 2376 curreutes
2684 2315 2689 2320 '

377 2405 692 2496 vicisset,
769 2403 979 2475 victor
1043 2401 1123 2473 ἐκ
1180 2393 1488 2473 παντων
1550 2399 1751 2472 fuerit
1801 2402 2198 2497 appellatus.
2303 2401 2599 2501 Collegit
2686 2451 2693 2458 ›

375 2506 443 2579 id
511 2530 597 2577 ex
650 2529 772 2596 eo,
854 2501 1028 2599 quod
1089 2502 1211 2571 illa
1271 2501 1342 2572 in
1405 2502 1838 2597 inscriptione
1907 2509 2179 2599 uterque
2245 2504 2457 2577 victor
2519 2507 2615 2579 ἐκ·

377 2600 686 2681 πάντων
737 2605 1070 2676 diversus
1100 2609 1203 2673 est
1266 2601 1346 2672 ab
1411 2603 1817 2696 singularum
1881 2611 2162 2675 aetatum
2216 2605 2601 2679 victoribus.

377 2711 478 2782 At
524 2709 638 2778 vix
689 2705 1002 2779 credibile
1055 2711 1182 2794 est,
1237 2703 1348 2800 qui
1399 2702 1760 2775 adultiores
1794 2728 2037 2802 pueros
2082 2706 2272 2779 modo
2306 2708 2599 2802 vicisset,

381 2835 567 2902 eum,
641 2832 834 2905 quum
888 2806 1173 2878 omnium
1224 2812 1504 2875 aetatum
1558 2807 1749 2901 pueri
1802 2815 2177 2900 currerent,
2249 2809 2604 2884 tardiorem

381 2912 612 2984 fuisse.
716 2908 814 2981 Et
877 2915 1118 3004 quanta
1179 2905 1299 2976 illa
1350 2930 1497 2977 esse
1565 2907 1843 2978 debebat
1893 2908 2171 2980 latitudo
2225 2910 2461 3003 stadii,
2533 2913 2604 2985 in

289 3033 296 3042 ’
377 3038 513 3133 ,quo
567 3011 764 3084 simul
814 3009 1097 3082 omnium
1149 3015 1434 3079 aetatum
1483 3009 1676 3103 pueri
1713 3034 1936 3080 omnes
1972 3004 2365 3083 currerent?
2435 3010 2607 3086 Om-

385 3117 540 3188 nino
593 3123 808 3185 autem
872 3133 1103 3208 parum
1168 3109 1501 3206 sapienter
1549 3109 1921 3186 institutum
1970 3109 2243 3203 fuisset,
2312 3120 2426 3205 ut,
2496 3115 2609 3211 qui

387 3216 582 3289 modo
635 3216 846 3287 victor
894 3212 1221 3283 iudicatus
1258 3218 1459 3302 esset,
1511 3233 1771 3282 rursum
1817 3213 2134 3283 iacturam
2162 3212 2414 3285 faceret
2450 3217 2612 3288 ade-

389 3327 541 3417 ptae
590 3315 835 3389 laudis.
934 3312 1165 3385 Minus
1215 3311 1656 3383 inconsultum
1707 3311 1965 3404 fuisset,
2018 3314 2079 3385 si
2129 3315 2415 3387 victores
2468 3343 2613 3390 om-

391 3421 568 3491 nium
622 3425 905 3489 aetatum
959 3420 1348 3532 certassent,
1383 3413 1524 3531 ’qui
1572 3413 1748 3484 inter
1799 3414 2084 3486 victores
2137 3416 2350 3489 victor
2400 3417 2611 3493 foret}
2616 3423 2623 3432 ’

394 3542 776 3619 quamquam
825 3518 954 3590 hoc
1004 3538 1261 3612 quoque
1308 3513 1595 3610 iniquius
1648 3513 1920 3608 fuisset,
1972 3525 2048 3589 ut
2094 3516 2268 3588 inter
2319 3518 2619 3593 diversa·-

393 3648 536 3695 rum
590 3630 875 3692 aetatum
926 3617 1237 3690 victores.
1353 3614 1584 3712 Neque
1642 3639 1795 3687 vero
1860 3619 2010 3714 ipsa
2071 3618 2192 3689 illa
2255 3621 2613 3717 appellatio

395 3728 476 3798 ἐκ
524 3718 833 3796 πάντων
898 3718 1203 3844 congruit
1268 3742 1412 3790 cum
1464 3716 1795 3790 Boeckbii
1862 3719 2329 3815 explicatione.
2420 3722 2615 3804 Nam

304 3853 322 3866 ‘
397 3837 470 3897 ut
520 3820 793 3905 παῖδας
842 3826 970 3914 τῆς
1016 3814 1330 3945 πρώτης,
1383 3815 1768 3914 δευτέρας,
1818 3818 2066 3915 τρίτης
2111 3817 2391 3914 ἡλικίας
2437 3821 2621 3899 στοί-

400 3924 592 4016 διον,
657 3933 732 3996 ut
782 3919 1063 4049 ἄνδρας
1113 3917 1445 4010 στάδιον,
1495 3921 1590 3991 ita
1643 3934 1756 3993 aut
1805 3920 2077 4005 παῖδας
2124 3929 2391 3999 πασῶν
2442 3921 2621 3999 στά-

401 4027 594 4118 διον,
646 4034 759 4098 aut
808 4019 1091 4106 πάντας
1138 4018 1446 4096 στάδιον
1489 4023 1621 4095 dici
1653 4025 2022 4118 oportebat.
2128 4024 2416 4117 Quorum
2455 4052 2621 4099 neu-

403 4140 572 4204 trum
627 4153 821 4230 quum
872 4126 1115 4198 dictum
1166 4125 1293 4217 sit,
1361 4125 1478 4197 sed
1531 4121 1805 4208 παῖδας
1853 4126 1934 4201 ἐκ
1982 4119 2327 4217 πάντων,
2381 4154 2623 4202 conve-

576 4399 671 4484 ιο)
726 4402 803 4463 vt
838 4406 898 4462 in
934 4404 1094 4461 ma.
1136 4393 1321 4460 2758.
