3192 4992
613 374 747 443 378
1204 377 1306 437 ns
1346 372 1724 436 Auscmfu
1764 330 2218 436 Tmoonnus

614 544 871 637 Quibus
919 548 1245 640 quartum
1271 541 1574 615 adiunxit
1597 541 2089 633 Blomfieldius,
2141 541 2316 638 quod
2367 541 2512 615 sine
2555 542 2854 640 scripto-

611 648 708 718 ris
757 645 1059 735 nomine,
1138 653 1214 716 ιιι
1263 643 1549 716 dubitari
1598 644 1817 770 possit
1864 668 1948 715 an
1998 643 2319 737 Aeschyli
2366 645 2494 735 sit,
2560 645 2848 743 Trypho

612 749 807 819 affert
866 746 936 817 in
1002 745 1232 817 libello
1296 744 1462 840 περὶ
1523 740 1828 842 τρόπων
1890 750 1961 841 p.
2012 748 2141 819 48.
2206 745 2374 818 fasc.
2426 744 2493 818 Ι.
2614 747 2846 819 Musei

612 848 830 923 critici
883 845 1475 983 Cantabrigiensis,
1536 847 1645 919 vel
1694 872 1767 944 p.
1819 847 1896 939 9,
1949 849 2024 920 5.
2075 845 2630 921 Vratislaviensis
2674 848 2846 921 Mu·-

610 951 711 1023 sei
761 949 1020 1023 critici:

872 1104 1189 1225 Τεῦκρος
1237 1093 1321 1172 δὲ
1368 1094 1590 1183 τόξου
1643 1091 2029 1195 χρώμενος
2077 1095 2438 1194 φειδωλίᾳ

858 1197 1045 1301 ὑπὲρ
1095 1195 1465 1299 τάφρου.
1443 1198 1839 1297 πηδῶντας
1889 1199 2191 1297 ἔστησεν
2242 1197 2577 1302 Φρύγας.

508 1482 513 1492 ,
805 1401 926 1475 Ex
973 1401 1372 1485 Latinorum
1439 1401 1726 1498 antiquis
1791 1400 2011 1497 poetis
2077 1400 2208 1472 duo
2272 1401 2400 1473 sibi
2450 1402 2579 1474 hoc
2630 1427 2836 1497 argu-

603 1512 892 1577 mentum
957 1504 1368 1577 tractandum
1446 1511 1900 1621 sumpserunt,
1988 1501 2248 1574 Ennius
2314 1526 2395 1574 ea
2459 1503 2833 1599 tragoedia,

605 1632 795 1727 qanm
828 1606 1262 1678 Telamonem
1304 1606 1673 1701 inscripsit,
1723 1603 2057 1677 Pacuvius
2089 1613 2303 1675 autem
2340 1615 2601 1676 servato
2637 1605 2835 1678 Teu-

602 1709 702 1782 cri
751 1709 1039 1780 nomine.
1139 1709 1362 1803 Atque
1393 1706 1655 1778 Ennius
1689 1707 1975 1803 quidem,
2029 1712 2340 1801 quantum
2377 1729 2465 1777 ex
2494 1705 2833 1804 fragmen-

600 1813 689 1882 tis
720 1811 948 1906 colligi
979 1816 1224 1906 potest,
1270 1808 1701 1879 Telamonem
1732 1807 2101 1879 introduxit
2128 1806 2288 1878 forti
2316 1766 2639 1905 quideme
2610 1809 2828 1881 animo

598 1920 876 1982 mortem
927 1911 1051 1982 filii
1099 1910 1330 1981 Aiacis
1380 1909 1724 2000 ferentem,
1778 1909 1896 1980 sed
1947 1917 2162 1980 tamen
2215 1918 2284 1980 et
2336 1909 2496 1981 deos
2547 1935 2657 1981 res
2701 1911 2831 1982 hu-

596 2037 822 2085 manas
872 2012 1040 2084 nihil
1104 2035 1336 2083 curare
1390 2019 1801 2101 censentem,
1870 2017 1939 2082 et
2002 2011 2298 2107 graviter
2348 2012 2824 2109 vituperantem

596 2123 822 2205 vates9
895 2115 1007 2211 qui
1056 2112 1332 2185 Aiacem
1398 2113 1649 2185 salvum
1715 2112 2076 2183 rediturum
2133 2110 2468 2183 vaticinati
2517 2114 2824 2186 fuissent.

596 2214 936 2287 Teucrum
986 2224 1203 2286 autem
1255 2214 1372 2285 ille
1424 2214 1881 2310 suspicabatur
1931 2213 2036 2284 vel
2086 2213 2380 2309 ignavia
2408 2214 2513 2285 vel
2546 2215 2701 2288 dolo
2752 2216 2823 2288 in

593 2341 827 2389 caussa
877 2317 1083 2389 fuisse
1135 2324 1209 2395 ιιι
1256 2326 1623 2387 moreretur
1668 2316 1873 2406 Aiax,
1928 2339 2057 2411 quo
2113 2315 2259 2409 ipse
2301 2324 2577 2411 paterno
2612 2342 2821 2414 regno

588 2419 941 2515 potiretur.
1043 2417 1237 2490 Haec
1301 2417 1473 2489 enim
1539 2441 1581 2488 a
1646 2416 2039 2534 quibusdam·
2091 2416 2264 2486 fama
2314 2375 2730 2510 ferebatur,²3
2750 2428 2825 2491 ut

591 2544 679 2591 ex
707 2519 1041 2591 Pausania
1092 2517 1156 2590 Ι.
1213 2523 1337 2610 28,
1397 2522 1518 2592 ll.
1573 2526 1640 2590 et
1693 2518 1967 2590 scholiis
2020 2517 2086 2588 in
2123 2514 2401 2588 Pindari
2433 2517 2628 2590 Nem.
2679 2518 2823 2593 IV.

590 2623 715 2696 76.
769 2629 1062 2693 constat:
1133 2621 1483 2715 tetigitque
1536 2616 1913 2716 Sophocles
1965 2643 2030 2690 v.
2090 2621 2312 2693 1013.
2365 2644 2466 2715 sq.
2539 2619 2826 2718 Expro-

588 2722 818 2793 brabat
881 2723 1089 2816 igitur
1151 2721 1282 2792 hoc
1332 2720 1604 2791 Teucro
1657 2728 1888 2816 pater,
1960 2718 2074 2791 sed
2128 2722 2551 2817 permittebat
2599 2732 2856 2807 tamen,

585 2830 661 2893 ut
711 2822 828 2892 ille
879 2847 952 2892 se
1004 2830 1357 2917 purgaret:
1425 2820 1599 2916 quod
1667 2832 1882 2893 tamen
1949 2846 2144 2916 quum
2210 2847 2340 2894 non
2391 2824 2488 2894 ita
2537 2823 2820 2919 faceret,
2913 2876 2922 2883 -

582 2932 658 2994 ut
710 2924 1032 2994 eximeret
1083 2922 1520 3018 suspicionem
1573 2946 1654 2994 ac
1703 2947 1833 2995 non
1885 2923 2305 2995 confirmaret
2358 2926 2617 3020 potius,
2693 2954 2822 2999 ex-

316 3002 322 3013 ’
436 3054 441 3059 ·
584 3024 802 3097 sulare
869 3026 948 3095 ab
1017 3024 1387 3096 Telamone
1459 3028 1587 3096 est'
1623 3025 1868 3097 iussus.
1989 3022 2228 3121 Itaque
2294 3025 2664 3122 fragmenta
2731 3030 2818 3102 ael

582 3126 757 3200 hunc
806 3126 1064 3199 modum
1120 3124 1480 3198 ordinanda
1528 3135 1692 3223 puto
1706 3178 1731 3217 ,
1800 3151 1933 3197 non
1981 3135 2391 3223 pugnaturus
2440 3137 2702 3223 tamen,
2753 3132 2832 3204 si

487 3227 731 3325 16quis
780 3228 1227 3327 probabiliora
1278 3228 1534 3299 afferat.
1637 3227 1808 3300 Nam
1867 3228 2183 3324 pleraque
2246 3229 2317 3301 in
2382 3230 2517 3304 hoc
2565 3258 2812 3330 genere

496 3390 507 3399 .
575 3334 826 3402 incerta
880 3339 1056 3400 sunt.
1156 3329 1408 3400 Audito
1463 3330 1646 3401 obitu
1695 3329 1925 3403 Aiacis
1977 3329 2137 3402 deos
2187 3331 2356 3403 nihil
2407 3356 2645 3407 curare
2682 3335 2818 3408 lm·-

508 3528 527 3537 -
574 3456 766 3503 mana
817 3431 1078 3503 dicebat
1126 3430 1451 3503 Telamo:

826 3612 974 3709 e'go
1027 3605 1256 3682 deum
1301 3632 1559 3710 genus
1612 3611 1775 3681 e'sse
1824 3632 2125 3707 semper
2173 3607 2361 3683 chan·
2421 3625 2503 3690 et
2543 3613 2807 3689 dicam

1784 3711 2176 3801 cae'litam,

821 3808 970 3883 ee'd
1009 3834 1139 3884 eon
1185 3836 1343 3887 uon
1390 3815 1687 3885 cureio-e
1736 3814 2016 3907 opinor
2061 3812 2261 3913 quid
2299 3827 2510 3915 agat
2535 3815 2801 3894 huma·

1784 3920 1975 3985 mt‘sm
2019 3938 2319 4014 gemae.-

818 4016 1010 4085 mim
1060 4016 1135 4087 si
1179 4025 1493 4106 curent,
1573 4012 1763 4089 be'ne
1813 4011 2029 4087 bonis
2075 4019 2218 4107 sit,
2284 4022 2492 4093 ma'le
2546 4024 2801 4114 malis,

1783 4114 2002 4218 quod
2040 4126 2256 4192 minc
2307 4118 2550 4198 abest.

561 4289 822 4362 Horum
852 4276 1038 4363 x‹luos
1087 4290 1345 4388 priores
1395 4317 1626 4366 versus
1677 4295 1870 4367 affert
1910 4291 2151 4368 Cicero
2203 4297 2285 4370 de
2337 4299 2472 4371 div.
2512 4298 2622 4374 II.
2673 4301 2796 4375 50.

563 4392 652 4490 ᾗ.
708 4394 881 4466 104.
931 4392 1199 4466 tertium
1250 4394 1332 4465 de
1381 4393 1473 4477 N.
1522 4395 1622 4505 DJ.
1670 4393 1737 4469 Ι.
1787 4400 1918 4472 32.
1966 4398 2055 4496 ᾗ.
2104 4400 2231 4475 79.
2284 4407 2354 4474 et
2403 4403 2487 4476 de
2548 4404 2680 4478 div.
2728 4400 2796 4474 I.
