3192 4992
758 353 857 416 ΒΕ
899 352 1232 422 QUINQUE
1274 353 1648 418 mammos
1690 345 2122 420 Pennana.
2464 353 2549 422 91

336 533 603 594 munero
653 541 881 594 rursus
932 519 1016 592 ad
1069 519 1296 593 decem
1341 520 1524 594 ancti
1573 544 1896 594 mansere.
2016 519 2163 594 Nee
2209 522 2354 596 leve
2404 529 2551 595 erat

231 631 237 640 '
336 619 466 692 hoc
511 644 742 694 munus
793 630 908 693 aut
955 646 1200 718 expers
1250 621 1524 694 laboris.
1625 620 1690 693 N
1694 645 1801 694 am
1839 622 2550 718 priusquumriuiretur,

334 745 457 818 per
503 743 737 796 novem
785 747 1044 796 menses
1095 725 1165 795 in
1214 722 1560 812 aedilicio,
1616 723 1723 794 cui
1764 719 2376 798 Ἑλλανοδικαιών
2425 750 2551 797 ιο-
2588 811 2597 828 ,

331 847 479 896 men
531 832 715 915 erat,
766 825 870 898 ‘ab
936 826 1028 898 iis
1094 824 1208 921 qui
1257 820 1769 921 νομοφύλακες
1832 823 1995 898 dieti
2044 834 2198 898 sunt
2244 825 2553 898 institue-

313 922 613 1012 bantur:
694 935 965 1023 eratque
1028 927 1097 999 in
1167 925 1407 999 officiis
1474 950 1701 998 eornm
1770 932 1838 998 et
1903 947 2108 1023 equos
2174 927 2552 1022 explorare,

332 1025 576 1121 quique
627 1027 922 1104 eiusdem
971 1028 1210 1102 aetatis
1255 1028 1339 1100 et'
1373 1027 1633 1102 roboris
1686 1034 1945 1120 essent,
2001 1051 2433 1125 componere,
2486 1039 2555 1102 et

331 1126 665 1200 hominum
719 1130 831 1226 qui
882 1130 1199 1206 certaturi
1250 1137 1471 1201 essent
1511 1128 2021 1202 exercitationes
2068 1128 2392 1202 moderari
2430 1152 2556 1226 pa·-

329 1229 564 1325 riaque
628 1231 1090 1304 committenda
1155 1230 1489 1327 deligere,
1566 1231 1716 1326 ipso
1784 1239 1998 1302 autem
2062 1229 2131 1302 in
2199 1229 2554 1304 certamine

330 1330 560 1403 videre
626 1355 709 1403 ne
766 1333 925 1430 quid
973 1334 1079 1405 vel
1134 1356 1291 1408 casu
1360 1332 1459 1403 vel
1512 1331 1666 1403 dolo
1718 1331 2193 1404 interveniente
2244 1356 2373 1405 non
2425 1332 2554 1404 rite

330 1441 668 1527 ageretur,
723 1439 963 1530 quique
1015 1435 1469 1530 deliquissent,
1521 1434 1608 1506 iis
1659 1457 1935 1528 poenam
1984 1433 2312 1528 irrogare,
2366 1432 2557 1504 deni-

330 1558 461 1628 que
511 1534 807 1607 iudicare
860 1535 944 1606 de
989 1536 1270 1612 „victoria
1319 1558 1766 1631 coronareque
1819 1535 2132 1610 victores.
2231 1535 2558 1631 Apertum

324 1642 437 1706 est
473 1645 732 1732 autem,
786 1638 989 1708 multo
1040 1637 1249 1732 inagis
1298 1636 1625 1710 iudicibus
1674 1659 1844 1731 opus
1886 1635 2090 1710 fuisse
2124 1635 2191 1708 in
2234 1636 2372 1707 illis
2406 1659 2577 1720 cer-,

328 1736 726 1828 taminibuS,
791 1738 860 1809 in
914 1738 1144 1834 quihus
1196 1736 1627 1810 eruditiorum
1677 1737 1911 1810 artium
1965 1747 2033 1810 et
2080 1738 2329 1832 ingenii
2378 1736 2556 1808 iudi-

332 1836 587 1910 candae
638 1851 860 1911 essent
910 1840 1209 1911 virtutes.
1310 1837 1482 1914 Nam
1530 1840 1603 1912 in
1653 1839 1758 1912 his
1808 1838 1991 1918 rudis
2028 1838 2376 1916 multitudo
2415 1838 2554 1914 fero

328 1938 589 2012 incerta
637 1940 948 2033 fluctuat,
1014 1949 1249 2040 atque,
1315 1950 1390 2014 ut
1439 1941 1742 2012 universe
1795 1940 1950 2036 quid
1994 1941 2212 2035 magis
2264 1940 2555 2014 minusve

327 2040 598 2135 placeat
646 2043 892 2114 sentire
941 2044 1179 2139 possit,
1231 2052 1450 2116 tamen
1501 2043 1778 2115 alioruin
1821 2037 2076 2138 indiget
2116 2041 2388 2131 iudicio,
2443 2041 2557 2136 qui

324 2141 461 2237 ipsi
514 2143 775 2216 illarum
826 2145 1066 2216 artium
1122 2144 1325 2240 periti
1390 2144 1523 2216 sint
1573 2168 1653 2215 ac
1700 2143 1963 2215 liberali
2014 2142 2366 2239 disciplina
2414 2143 2591 2214 for-⁴

320 2245 518 2316 mati.
619 2243 855 2342 Itaque
892 2245 1272 2326 nominatim
1313 2244 1395 2316 de
1438 2244 1779 2318 comoedia
1813 2244 2123 2318 traditum
2161 2256 2289 2335 est,
2340 2244 2557 2316 Athe-

320 2345 431 2418 nis
491 2353 560 2417 et
607 2345 679 2417 in
730 2345 971 2419 Sicilia
1019 2346 1275 2418 i'udices
1323 2369 1593 2417 numero
1648 2345 1930 2441 quinque
1972 2345 2201 2416 fnisse.
2301 2345 2559 2416 Auctor

322 2455 432 2520 est
504 2445 917 2541 Hesychius,
998 2447 1096 2520 ita
1159 2447 1501 2519 scribens:
1585 2444 1798 2520 πέντε
1858 2442 2138 2539 κριταί·
2218 2451 2558 2519 τοοοῠτοι

319 2551 491 2629 τοῖς
537 2552 887 2642 κωμικοῖς
932 2548 1249 2644 ἔκρινον,
1303 2546 1393 2621 οὗ
1443 2540 1682 2639 μόνον
1718 2541 2152 2641 Ἀθήνησιν,
2206 2543 2390 2618 ἀλλὰ
2433 2543 2561 2619 καὶ

326 2650 413 2722 ἐν
472 2647 779 2746 Σικελίᾳ
799 2674 820 2700 ·
889 2651 1049 2724 item
1099 2649 1492 2723 scholiastes
1542 2648 2010 2745 Aristophanis
2030 2698 2053 2738 ‚
2121 2647 2308 2720 cuins
2361 2647 2560 2722 verba

326 2747 512 2822 infra
574 2751 955 2824 afferentur.
1083 2748 1265 2824 Hine
1327 2750 1784 2846 proverbium,
1865 2750 1948 2822 ἐν
2009 2745 2223 2824 πέντε
2282 2754 2561 2845 κριτῶν

328 2843 651 2950 γούνασι
699 2857 951 2928 κεῖται.
1074 2851 1182 2924 De
1245 2876 1329 2924 eo
1380 2851 1791 2946 Hesychiusz
1863 2851 1947 2924 ἐν
1995 2848 2206 2924 πέντε
2254 2856 2557 2944 κριτῶν·

327 2954 419 3024 ἐν
474 2948 818 3050 ἀλλοτρίᾳ
868 2951 1162 3049 ἐξουσίᾳ
1210 2950 1434 3028 ἐστίν.
1520 2949 1733 3026 πέντε
1785 2949 1868 3026 δὲ
1918 2949 2165 3045 κριταὶ
2210 2956 2365 3033 τοῖς
2411 2978 2561 3028 κω-

326 3054 582 3147 μικοῖς
629 3051 939 3147 ἔκρινον.
1040 3054 1467 3151 Explicatius
1500 3053 1842 3130 Zenobius
1870 3052 2194 3126 Proverh.
2236 3051 2379 3124 III.
2430 3054 2558 3130 64.

331 3155 425 3228 ἐν
474 3149 685 3228 πέντε
748 3162 1022 3249 κριτῶν
1084 3151 1398 3257 γούνασι
1447 3160 1694 3231 ,κεῖται
1710 3182 1727 3197 ·
1793 3149 2327 3250 παροιμιῶδες,
2397 3150 2561 3230 οἷον

336 3256 425 3330 ἐν
474 3251 821 3349 ἀλλοτρίᾳ
867 3255 1162 3353 ἐξουσίᾳ
1210 3254 1419 3332 εἰσίν.
1485 3259 1763 3353 εἴρηται
1814 3253 1897 3332 δὲ
1940 3254 1985 3352 ἡ
2025 3251 2387 3352 παροιμία
2410 3256 2606 3331 ata-6

339 3351 573 3449 ρόσον
621 3352 833 3432 πέντε
882 3353 1127 3447 κριταὶ
1174 3355 1348 3442 τοὺς
1392 3356 1764 3451 κωμικοὺς
1812 3357 2135 3454 ἔκρινον,
2181 3353 2283 3438 ὥς
2324 3373 2561 3453 ’φησιν

327 3453 795 3553 Ἐπίχαρμος.
898 3456 1152 3531 Eadem
1217 3457 1355 3531 fere
1405 3457 1679 3534 Suidas.
1798 3458 1951 3532 Non
2014 3472 2156 3550 est,
2229 3482 2348 3531 eur
2394 3458 2561 3534 hoee

342 3583 478 3632 non
532 3581 682 3629 vore
733 3558 977 3632 tradita
1026 3582 1176 3632 esse
1217 3556 1580 3652 credamus,
1634 3561 1922 3652 tametsi,
1976 3559 2087 3655 qui
2130 3558 2562 3655 suspiciosior

344 3662 436 3733 sit
448 3711 474 3752 ,
543 3659 791 3755 aliquid
853 3683 1115 3734 movere
1168 3659 1593 3734 dubitationis
1643 3663 1882 3759 possit.
1982 3659 2152 3734 Nam
2202 3660 2563 3738 usitatissi-

343 3786 520 3835 mum
568 3761 695 3833 fuit
723 3759 1007 3836 Graecis
1057 3761 1424 3859 quinarium
1464 3784 1798 3836 nnmerum
1834 3764 2083 3854 dicere,
2133 3761 2247 3833 ubi
2278 3763 2564 3938 alissuem

201 3954 208 3960 ,
347 3885 794 3961 quemcunque
857 3887 1191 3936 numerum
1260 3861 1547 3957 exempli
1610 3884 1842 3936 caussa
1888 3865 2226 3940 nominare
2277 3888 2355 3936 ve
2411 3870 2522 3937 ent
2537 3885 2562 3937 ε

349 3965 816 4142 quo÷l5paucis
880 3964 1167 4039 indicavi
1231 3964 1317 4036 ad
1378 3962 1547 4036 illud
1593 3963 2064 4061 Aristophanis
2130 3965 2204 4040 in
2263 3964 2562 4040 Nubibus

347 4091 413 4139 v.
626 4116 648 4140 .
1079 4115 1084 4118 Δ

650 4220 719 4290 εἴ
763 4238 902 4322 oet*
926 4211 1290 4320 γράφοιτο
1341 4208 1916 4298 πεντετάλαντός
1961 4240 2073 4298 τις
2121 4211 2322 4310 δίκη·

352 4370 586 4467 quibus
649 4370 716 4444 in
770 4370 987 4444 verbis
1050 4367 1164 4454 τὶς
1227 4367 1311 4444 ad
1362 4392 1697 4444 nnmerum
1750 4366 2071 4466 pertinet,
2135 4374 2210 4439 ut
2258 4365 2347 4440 sit
2395 4362 2564 4465 δίκη
2614 4463 2627 4480 ¹
