3192 4992
668 372 794 441 lm
1276 374 1400 440 DE„
1421 374 1716 438 omem
1757 373 2272 438 mmmmm.

668 548 1141 633 exerceantur,
1211 539 1687 614 destinaremus
1737 537 2139 613 Seminatio-
2261 538 2592 631 Quocirca
2653 538 2885 636 paucis
3028 619 3036 633 ⁸

668 642 1128 717 declarandum
1180 640 1525 735 duximus,
1597 641 1754 738 quid
1818 642 1909 713 sit
1970 641 2432 739 interpretari,
2502 650 2574 714 et
2638 664 2766 737 qua
2814 639 2883 712 id
2950 648 2957 652 “

666 746 926 818 ratione
974 742 1293 840 agendum
1344 767 1752 835 censeamus,
1808 767 1937 838 quo
1987 743 2108 816 illa
2157 742 2288 815 duo
2322 765 2490 839 quae
2524 749 2884 839 pervagata

582 905 590 910 .
667 853 821 919 sunt
866 846 939 917 in
986 845 1118 917 hoc
1167 869 1407 942 genere
1457 845 1623 917 vitia
1671 846 2034 935 evitentur,
2100 844 2303 918 exilis
2362 846 2432 916 iu
2482 845 2681 916 rebus
2731 844 2886 914 uul-

666 949 799 1022 11116
847 947 1159 1021 momenti
1222 946 1567 1043 diligentia
1632 954 1701 1018 et
1750 946 2074 1042 elegantis
2140 946 2529 1019 eruditionis
2595 945 2884 1042 speciem

666 1072 829 1147 prae
879 1072 953 1121 se
1002 1047 1223 1119 ferens
1274 1072 1439 1121 vana
1485 1047 1878 1143 loquacitas.

869 1150 1130 1245 Atque,
1203 1156 1278 1221 ut
1339 1173 1380 1221 a
1430 1149 1810 1221 definitione
1859 1146 2392 1246 proficiscamur,
2462 1146 2885 1244 interpretari

668 1250 950 1325 dicimus
998 1249 1289 1342 efficere,
1337 1258 1417 1321 ut
1463 1250 1551 1343 is,
1606 1250 1718 1346 qui
1747 1249 1970 1322 audiat
1995 1250 2284 1346 legatve,
2340 1249 2536 1321 verba
2569 1252 2886 1320 mentem-

670 1376 797 1448 que
847 1350 1193 1450 scriptoris
1244 1352 1380 1441 sic,
1448 1353 1546 1423 uti
1595 1376 1743 1423 eum
1794 1358 2095 1448 oportet,
2149 1351 2479 1448 intelligat
2500 1353 2595 1446 2).
2702 1347 2887 1422 Cou-

668 1453 845 1526 sulto
895 1454 1026 1526 hoc
1076 1452 1479 1525 addidimus:
1561 1454 1701 1544 sic,
1765 1454 1865 1524 uti
1915 1477 2062 1526 eum
2113 1460 2400 1549 oportet.
2499 1450 2670 1524 Nam
2720 1450 2885 1523 varii

668 1561 822 1627 su'nt
851 1595 854 1602 ·
886 1578 968 1627 ac
1020 1553 1208 1626 valde
1272 1556 1448 1626 inter
1510 1578 1586 1626 se
1639 1554 1882 1625 diversi
1931 1553 2407 1650 interpretandi
2458 1553 2676 1644 modi,
2748 1560 2885 1625 tum

666 1680 791 1753 pro
844 1664 1041 1752 captu
1093 1664 1161 1727 et
1209 1656 1486 1728 scientia
1536 1678 1788 1746 eorum,
1841 1655 2072 1751 quibus
2110 1656 2265 1750 quid
2299 1656 2697 1752 explicatur,
2747 1662 2885 1726 tum

665 1782 788 1854 pro
862 1756 1094 1854 scripti
1160 1759 1473 1853 cuiusque
1541 1757 1966 1854 scriptorisve
2030 1767 2264 1829 natura
2328 1767 2523 1852 atque
2587 1755 2883 1851 ingenio,

665 1867 806 1930 tum
855 1882 977 1955 pro
1028 1858 1239 1955 ipsius
1289 1860 1672 1955 interpretis
1723 1858 1982 1931 delectu
2029 1865 2224 1953 atque
2259 1858 2566 1930 consilio.
2665 1857 2886 1928 Aliter

668 1960 841 2032 enim
890 1960 1113 2057 pueris
1166 1959 1440 2056 aliquid,
1492 1960 1688 2032 aliter
1737 1959 2079 2031 maturiori
2129 1960 2356 2050 aetati,
2413 1960 2609 2032 aliter
2658 1958 2886 2030 rudio-

665 2061 891 2153 ribus,
957 2061 1176 2133 aliter*
1218 2061 1430 2134 doctis
1496 2060 1959 2159 explicandum
2023 2068 2162 2149 est3
2240 2060 2439 2134 aliam
2502 2060 2882 2149 historicus,

668 2163 864 2235 aliam
914 2162 1374 2260 philosophae,
1427 2164 1621 2234 aliam
1674 2171 1937 2254 orator,
2002 2162 2200 2233 aliam
2248 2169 2449 2258 poeta
2499 2162 2626 2234 sibi
2674 2163 2886 2233 inter-

665 2264 1102 2361 pretationem
1165 2265 1421 2362 poscit3
1490 2265 1770 2362 denique
1834 2265 2163 2360 interpres
2230 2264 2335 2335 vel
2400 2262 2482 2335 de
2535 2263 2753 2335 verbis
2818 2270 2885 2334 et

665 2366 1009 2438 sententiis
1024 2417 1050 2458 ,
1102 2366 1212 2438 vel
1261 2366 1343 2438 de
1392 2390 1518 2438 usu
1567 2374 1637 2438 et
1687 2365 2157 2439 cousuetudine
2206 2365 2591 2462 scriptoris,
2643 2365 2754 2437 vel
2804 2363 2883 2435 de

640 2468 946 2548 *consilio
961 2519 986 2559 ,
1060 2455 1189 2563 quo
1242 2468 1390 2563 quis
1443 2467 1825 2565 scripserit,
1892 2468 2242 2564 operisque
2283 2467 2726 2555 cohaerentia,
2777 2467 2886 2537 vel

667 2568 751 2639 de
806 2568 1152 2640 virtutibus
1215 2576 1284 2639 et
1333 2570 1512 2639 vitiis
1578 2570 1813 2665 scripti
1862 2577 2085 2665 potest
2135 2592 2491 2665 exponere.
2594 2567 2886 2659 Quarum

666 2691 887 2739 rerum
951 2669 1079 2740 etsi
1144 2668 1391 2740 nullam
1441 2670 1780 2740 exclusam
1846 2692 1992 2740 esse
2044 2693 2086 2740 a
2136 2668 2507 2742 Seminario
2558 2672 2885 2759 volumus,

617 2762 887 2846 6111111611
934 2767 1146 2863 11611116
1196 2768 1517 2840 eiusmodi
1566 2769 2142 2865 interpretationes
2185 2770 2617 2844 instituendas
2652 2794 2887 2843 cense-

665 2893 838 2962 mus,
891 2869 1123 2965 quibus
1175 2869 1591 2966 explicentur
1643 2879 1807 2965 qu'ae
1859 2871 2080 2966 pueris
2124 2870 2435 2944 discenda
2466 2881 2657 2945 sunta
2711 2871 2886 2967 quod

665 2972 798 3044 hoc
845 2995 1053 3067 genus
1102 2971 1667 3067 interpretationis
1733 2996 1943 3067 neque
2007 2972 2091 3045 ad
2153 2974 2337 3045 illius
2400 2974 2882 3064 formationem,

669 3072 783 3169 qui
832 3096 912 3145 eo
965 3072 1208 3164 utitur,
1273 3073 1547 3145 multum
1599 3074 1893 3165 confert,
1958 3082 2028 3146 et
2076 3074 2488 3150 audientibus
2537 3075 2885 3148 molestum

668 3184 807 3247 este
872 3198 1083 3271 neque
1132 3174 1301 3245 illud
1351 3197 1561 3271 genus
1611 3175 2056 3272 probabimus,
2109 3201 2237 3272 quo
2295 3177 2395 3249 vel
2430 3177 2699 3273 copiose
2742 3200 2886 3249 ma·-

667 3276 774 3372 gis
824 3285 1018 3372 atque
1071 3284 1325 3365 ornate,
1380 3299 1566 3371 quam
1624 3278 1801 3349 clare
1843 3285 1911 3349 et
1942 3280 2290 3376 perspicue
2337 3277 2724 3370 disseratur,
2768 3277 2885 3352 'vel

666 3377 868 3450 lectio
920 3377 1142 3474 potius
1188 3378 1396 3464 multa
1449 3372 1839 3470 ostentetur,
1913 3403 2101 3474 quam
2155 3375 2636 3451 demonstretur
2685 3403 2886 3453 accu-

666 3487 815 3550 rata
862 3480 1165 3570 scientia,
1219 3479 1327 3550 vel
1376 3488 1755 3576 exponatur
1804 3480 1885 3551 de
1935 3481 2025 3553 iis
2070 3480 2293 3572 rebus,
2344 3504 2431 3552 ex
2483 3481 2717 3577 quibus
2752 3506 2883 3554 non
3004 3515 3017 3523 1

668 3603 1141 3676 cognoscamus
1192 3604 1275 3652 an
1328 3580 1524 3652 verba
1572 3589 1641 3652 et
1687 3605 1870 3653 mens
1918 3582 2264 3678 scriptoris
2314 3590 2495 3655 recte
2543 3583 2885 3660 intellecta

667 3681 801 3753 sint
855 3689 1050 3777 atque
1100 3689 1471 3778 perspecta.

871 3779 1014 3855 Sed
1065 3784 1369 3879 quoniam
1417 3783 1639 3855 variae
1689 3789 1842 3854 sunt
1889 3789 1959 3855 et
2005 3783 2402 3880 multiplices
2432 3783 2727 3876 rationes
2778 3783 2886 3855 in-

669 3883 1101 3979 terpretandi,
1151 3885 1439 3956 breviter
1487 3883 1919 3981 explicemus,
1974 3885 2206 3981 quibus
2257 3885 2453 3957 rebus
2501 3886 2883 3983 interpretis

599 3987 619 4055 1
672 3987 1085 4057 contineatur
1147 3985 1462 4060 officium.
1592 3983 1690 4058 Et
1755 3986 2288 4082 quemadmodum
2359 3987 2671 4083 quidquid
2737 3986 2883 4083 quis

693 4235 703 4244 ⁵
741 4247 746 4256 '
843 4232 906 4319 ²)
959 4237 1066 4297 His
1106 4242 1297 4311 verbis,
1337 4245 1433 4309 sic,
1474 4237 1561 4302 aa·
1603 4259 1721 4304 eum
1761 4252 1989 4317 oportet,
2028 4246 2326 4319 intelliyat,
2368 4242 2497 4301 nihil
2539 4241 2736 4301 dictum
2767 4262 2882 4299 con·

412 4305 423 4316 ⁸
543 4357 546 4360 -
633 4361 642 4370 κ
674 4320 839 4381 tendit
876 4322 1193 4385 BoeckhiuS.
1272 4324 1477 4404 Nempe
1526 4343 1634 4384 non
1674 4326 1868 4404 aliquid
1907 4328 2075 4386 dicere
2114 4330 2283 4399 volui,
2338 4332 2461 4404 quia
2502 4348 2753 4406 quemque
2781 4344 2885 4404 *pro

678 4421 775 4465 suo
818 4417 976 4483 captu·
1011 4411 1161 4469 aliter
1199 4409 1393 4486 aliquid
1433 4412 1720 4488 intelligere
1759 4410 1941 4473 debere
1979 4421 2140 4489 patet.
