3192 4992
961 357 1059 417 DE
1103 358 1396 418 OFFICIO
1436 351 1947 431 INTERBRETIS.
2116 447 2123 450 -
2450 360 2573 436 113

354 522 635 598 incendii
685 525 1061 598 memoriam
1115 524 1431 597 describit
1477 524 1773 596 uberius·
1889 509 2039 624 ‚Iam
2090 527 2350 601 tandem
2398 530 2570 604 illud

356 625 523 724 quod
576 633 1035 722 exspectamus
1087 650 1287 700 cane
1352 627 1540 722 sequi
1606 626 1908 698 debebat.
2012 626 2332 725 Sequitur
2380 656 2564 724 vero,

352 726 465 799 sed
513 752 646 799 nou
696 727 1003 824 viderunt
1049 727 1473 824 interpretes,
1528 729 1682 823 quia
1726 752 1852 799 non
1891 736 1994 800 est
2022 730 2150 802 boc
2179 732 2326 823 ipso
2366 736 2564 807 verbo

349 829 632 919 dictum,
706 823 820 900 s'ed
872 829 1311 925 significatum
1376 829 1520 900 his:
1595 834 1783 915 Ζεῦ,
1855 829 1978 903 τὶν
2027 834 2135 925 εἴη
2186 828 2565 922 ἁνδάνειν,

347 927 427 1011 ὅς
472 928 678 1002 τοῦτ’
737 929 1020 1025 ἐφέπεις
1070 930 1263 1022 ὄρος,
1315 938 1452 1003 τοῦ
1485 928 1628 1023 μὲν
1666 929 2100 1018 ἐπωνυμίαν
2133 932 2412 1016 κλεινὸς
2446 940 2568 1008 oie

341 1028 601 1124 κιστὴρ
652 1027 1012 1105 ἐκύδανεν
1060 1027 1312 1119 πόλιν,
1384 1028 1794 1112 Πυθιάδος
1856 1029 1929 1105 δ’
1991 1036 2074 1105 ἐν
2123 1030 2385 1131 δρόμῳ
2434 1031 2570 1108 κά-

342 1134 486 1226 ρυξ
533 1130 822 1205 ἀνέειπέ
863 1160 990 1207 νιν
1027 1131 1353 1226 Ἱέρωνος
1398 1131 1580 1226 ὑπὲρ
1618 1131 1921 1228 ἅρμασι.
2024 1133 2380 1231 Nam,quid
2421 1162 2568 1208 eum

337 1233 551 1324 aliud,
606 1258 800 1329 quum
849 1244 1162 1331 precatur
1212 1246 1284 1306 ut
1334 1234 1490 1307 Iovi
1539 1234 1824 1331 placeat,
1880 1235 2101 1307 dicere
2131 1239 2565 1330 censebimus,

340 1358 563 1430 quam,
615 1360 816 1409 cane
864 1338 1125 1408 Iovem
1143 1390 1164 1425 ‚
1240 1339 1380 1437 qui
1423 1335 1632 1408 leuno
1682 1349 2007 1408 montem
2059 1350 2287 1429 tenet,
2342 1343 2569 1411 cuius

337 1439 878 1535 cognominem
939 1434 1207 1509 urbem
1260 1439 1498 1509 Hiero
1565 1439 1907 1510 claravit
1973 1441 2300 1511 victoria
2320 1442 2355 1511 3
2456 1441 2566 1512 Eo

333 1535 551 1633 igitur
602 1562 799 1633 quum
849 1541 1279 1636 pervenisset,
1333 1548 1487 1610 vota
1536 1539 1700 1611 fac-it
1742 1564 1863 1634 pro
1907 1542 2349 1636 prosperitate
2382 1544 2564 1614 urbis

331 1648 473 1710 tam
528 1640 868 1736 auspicato
920 1641 1340 1731 nobilitatae,
1394 1663 1648 1737 proque
1702 1642 1914 1712 salute
1969 1642 2281 1733 victoriS,
2334 1668 2566 1716 recor-

331 1740 611 1812 datione
675 1764 891 1812 rerum
960 1742 1030 1813 in
1094 1741 1289 1814 bellis
1354 1752 1689 1838 gestarum
1754 1767 1829 1814 se
1892 1767 2067 1814 nunc
2131 1746 2563 1836 consolantiS,

333 1865 540 1937 quum
589 1843 815 1914 morbo
865 1842 1217 1938 impeditus
1269 1868 1400 1916 non
1451 1844 1669 1940 possit
1698 1845 1847 1931 ,iam
1897 1844 2047 1939 ipse
2081 1842 2388 1917 Cumaeis
2441 1871 2564 1918 au-

327 1945 507 2015 xilio
562 1944 822 2034 venire,
904 1945 1018 2040 qui
1080 1946 1265 2041 prius
1318 1946 1624 2042 superbi,
1695 1955 1850 2017 tunc
1914 1947 2305 2043 suppliciter
2369 1972 2563 2045 opem

328 2045 639 2135 orabant,
694 2044 797 2135 (id
848 2045 1013 2117 dicit
1059 2045 1212 2118 his*
1274 2043 1418 2120 σὺν
1468 2045 1543 2120 δ’
1606 2044 1976 2145 ἀναγκαίᾳ
2028 2046 2250 2144 φίλον
2274 2046 2414 2122 *καί
2446 2076 2565 2130 «τις

323 2142 480 2220 ἐών
530 2142 975 2246 μεγαλάνωρ
1019 2147 1321 2221 ἔσανενε
1375 2150 1475 2220 sic
1498 2149 1955 2245 scribendum)
2008 2148 2439 2246 Philoctetae,
2476 2152 2563 2222 ad

324 2249 751 2345 exemplum,
799 2273 1013 2344 quem
1081 2250 1192 2345 qui
1259 2241 1626 2344 neglectum
1678 2248 1924 2320 Lemni
1987 2252 2392 2345 reliquerant
2443 2276 2563 2322 sua

319 2349 602 2421 fortuna
650 2349 806 2421 freti
859 2347 1149 2439 Graeci,
1202 2360 1438 2447 postea
1487 2376 1620 2422 non
1672 2359 1899 2445 aperte
1951 2352 2095 2420 ausi
2147 2359 2298 2422 sunt
2347 2351 2558 2443 adire,

320 2450 447 2523 sed
535 2450 1025 2521 dissimulantes
1108 2453 1219 2546 qui
1292 2461 1537 2522 esseut.
1671 2452 1700 2546 (
1718 2450 2152 2522 scribendum
2219 2460 2323 2523 est
2389 2453 2561 2524 enim

316 2549 570 2649 φαντὶ
619 2548 716 2630 δὲ,
754 2546 1176 2644 Λαμνόθεν
1242 2552 1425 2624 ἕλκει
1490 2548 1917 2648 τειρόμενον
1964 2550 2148 2638 μέτα
2200 2548 2564 2640 λάσοντας

314 2654 590 2727 ἐλθεῖν
651 2649 897 2747 ἥρωας
960 2651 1392 2740 ἀντιθέους,
1469 2654 1539 2725 in
1606 2654 1840 2749 quibus
1888 2648 2314 2747 Λαμνόθεν
2377 2654 2561 2727 ἕλκει

311 2750 760 2849 τειρόμενον
804 2755 1194 2853 iungenda.)
1235 2756 1295 2849 ⁷)
1399 2754 1659 2850 Atque,
1727 2765 1801 2825 ut
1862 2755 1983 2826 ille
2031 2756 2376 2827 restitutus
2427 2764 2554 2847 est,

313 2862 420 2929 sic
450 2856 744 2927 Hieroni
795 2857 1157 2951 sospitator
1207 2857 1571 2952 contingat.
1677 2854 1793 2952 (Id
1843 2856 2113 2952 scripsit
2162 2857 2294 2929 ita:
2360 2854 2556 2930 οὕτω

312 2956 391 3031 δ’
447 2954 733 3052 Ἱέρωνί
781 2984 892 3040 τις
941 2955 1289 3052 ὀρθωτὴρ
1340 2956 1596 3054 πέλοι.)
1700 2957 1843 3027 Iam
1909 2981 2065 3028 vero
2118 2958 2447 3048 eamdem,
2514 2983 2557 3029 a

313 3083 449 3156 qua
506 3077 795 3130 exorsus
847 3068 1013 3149 erat,
1068 3060 1457 3130 sententiam
1506 3060 1774 3156 repetit,
1827 3057 2095 3131 Musam
2147 3060 2398 3130 variata
2448 3058 2556 3130 di-

311 3163 549 3234 ctione
607 3161 954 3232 invocans=
1028 3161 1193 3231 nihil
1259 3161 1430 3231 enim
1467 3160 1660 3233 llaec
1713 3160 1907 3231 verba
1957 3160 2296 3231 continent
2345 3160 2551 3251 aliud,

312 3287 518 3359 quam
579 3262 754 3357 quod
805 3262 1065 3358 planius
1101 3262 1389 3334 dixeris=
1443 3286 1646 3334 eane
1676 3285 1880 3349 vera,
1933 3258 2267 3348 eithara,
2319 3263 2552 3332 vieto-

307 3367 530 3437 riam
578 3364 947 3436 Hieronis
998 3367 1232 3436 etiam
1271 3360 1790 3461 apud-filium
1823 3364 1989 3435 eius
2021 3362 2551 3452 Dinomenem,

307 3490 556 3568 quem
617 3467 750 3537 ille
811 3489 1058 3538 novae
1118 3460 1301 3536 urbi
1350 3462 1767 3565 praeficit.
1805 3464 1871 3564 ⁸)
2001 3461 2086 3536 Id
2142 3463 2554 3536 vehementer

495 3770 561 3853 ⁷)
620 3771 745 3830 Non
786 3773 866 3829 sie
905 3769 1074 3830 dicere
1117 3771 1388 3842 debebam,
1444 3770 1536 3829 sed
1588 3769 1850 3849 iungenda
1891 3788 2008 3826 esse
2047 3767 2359 3843 μετελθεῖν
2398 3767 2559 3826 Λα·-

287 3849 580 3936 ,μνόθεν.
669 3857 937 3916 Caeterum
984 3856 1131 3914 valde
1181 3857 1457 3933 probabilis
1513 3865 1594 3914 est
1635 3853 1975 3913 Wakefieldii
2017 3857 2306 3911 coniectura
2350 3853 2415 3911 ad
2457 3854 2551 3911 So·

303 3943 524 4020 phoclis
552 3939 777 4000 Philoct.
823 3939 966 3999 203.
1004 3934 1517 4018 μετανάσσοντας,
1561 3939 2040 4014 commendaturque
2084 3958 2161 4006 eo,
2203 3937 2338 4013 quod
2381 3947 2432 3995 et
2473 3939 2553 4004 fa2

306 4029 433 4086 cilis
460 4037 552 4086 est
581 4035 632 4084 et
665 4030 948 4102 aptissima.
1013 4025 1305 4094 Videndum
1349 4037 1540 4102 tamen,
1586 4045 1739 4101 quum
1785 4024 2091 4081 scholiastes
2129 4016 2550 4098 μεταλλάσον-

303 4132 426 4183 τας
471 4131 575 4189 per
616 4104 1080 4189 ἓπιζητῆσοντας
1133 4113 1377 4187 explicet,
1443 4130 1563 4167 num
1624 4109 1747 4185 quid
1799 4107 2044 4184 prodesse
2085 4110 2252 4185 possit
2296 4105 2547 4177 Hesychii

300 4198 524 4277 glossa,
561 4194 779 4267 diversa,
807 4205 863 4254 ut
895 4196 1112 4266 videtur,
1155 4195 1531 4265 confundentis,
1574 4189 1836 4271 μάσσαι,
1879 4190 2148 4271 ζητῆσαι,
2185 4187 2547 4272 καθαρίσαι,

445 4301 630 4342 ασαι.

221 4409 228 4416 ’
300 4302 442 4365 φωρ
491 4394 562 4478 8)
617 4399 770 4458 Haec
808 4401 936 4462 mire
978 4400 1244 4459 cavillatur
1283 4359 1599 4468 Boeckliius
1643 4399 1794 4474 11113εἰ
1831 4398 1974 4474 Ρῐίθῖ
2014 4396 2257 4454 ‘amini‘
2295 4408 2420 4478 ΡΨ
2453 4389 2545 4463 sy·

377 4495 630 4562 Humi.
674 4494 790 4562 op.
844 4496 988 4584 vll.
2075 4489 2140 4555 H
