3192 4992
625 344 777 415 ω’
1174 347 1277 408 ΠΒ
1318 343 1696 407 ΔΕΒΟΗΥΠ
1735 342 2310 406 PsrcnosTASIA.

627 538 931 591 unone-
978 535 1153 610 equo
1202 520 1462 606 ventum
1510 512 1582 585 in
1631 535 1896 586 seenam
1923 511 2235 602 -venisse,
2289 508 2435 603 sed,
2487 534 2687 608 quum
2729 510 2872 583 sei·

628 619 793 692 lieet
853 615 1233 688 desiluisset
1297 614 1380 687 de
1431 637 1644 712 equo,
1729 615 2033 711 quoniam
2101 612 2404 685 curribus
2471 634 2868 685 concurrere

628 744 764 793 non
812 717 1191 816 potuerint,
1259 723 1337 789 ut
1385 716 1559 814 apud
1610 715 1916 814 Zoegam
1966 714 2070 786 Τ.
2116 712 2220 788 ΙΙ.
2288 711 2427 785 tab.
2480 710 2650 785 LV.
2702 713 2869 811 picti

631 822 805 913 sint,
876 817 1172 917 pedestri
1232 818 1590 892 certamine
1656 842 1807 890 esse
1874 841 2021 890 eum
2070 815 2339 888 Achille
2411 838 2868 911 congressum.

629 921 958 995 Nimirum
1006 919 1078 991 id
1128 920 1194 992 ei
1236 917 1424 991 'visus
1476 928 1582 991 est
1632 918 2046 1016 significasse
2075 917 2562 1014 Aristophanes
2612 916 2681 989 ia
2718 916 2873 989 Ra-

630 1023 739 1098 nis
788 1045 856 1095 v-
904 1023 1085 1100 961.
1135 1020 1242 1093 his
1291 1022 1550 1095 verbim

1651 1168 1812 1245 ἀλλ’
1870 1168 2011 1245 οὐκ
2057 1164 2619 1265 ἐκομπολάκουν

886 1269 1037 1349 ἀπὸ
1095 1279 1237 1348 τοῦ
1297 1277 1608 1373 φρονεῖν
1662 1267 2102 1354 ἀποσπάσας
2112 1324 2141 1359 ,
2208 1269 2377 1346 οὔδ’
2441 1268 2872 1367 ἐξέπληττον

1012 1437 1021 1445 .
1955 1369 2232 1455 αὐτοὺς

888 1469 1234 1564 Κύκνους
1293 1481 1533 1551 ποιῶν
1578 1471 1710 1554 καὶ
1758 1472 2175 1601 Μέμνονας
2219 1469 2875 1573 κωδωνοφαλαρο-

1952 1583 2267 1660 πωλους.

636 1727 793 1804 Non
842 1728 1330 1827 persuadebunt
1393 1729 1523 1803 hoe
1584 1727 1738 1801 aliis
1787 1727 1988 1800 verba
2033 1726 2530 1825 Aristophanis.
2631 1724 2740 1800 Ae
2786 1750 2874 1799 ne

641 1829 1035 1903 scholiastes
1114 1829 1373 1926 quidem
1440 1829 1795 1927 quidquam
1855 1828 2229 1902 huiusmodi
2293 1828 2672 1921 adnotavit,
2759 1828 2876 1926 qui

588 1925 843 2028 9quum
906 1930 1179 2026 scripsit
1225 1926 1714 2013 Ἀπολλώνιός
1774 1953 2005 2027 φησιν
2053 1927 2166 2003 ὅτι
2216 1925 2626 2030 παρήνεγκε
2668 1957 2875 2027 χρω-

637 2030 909 2129 μένους
953 2026 1258 2105 κώδωσί
1304 2059 1539 2121 τινας,
1590 2028 1954 2115 κώδωνας
1999 2033 2084 2106 ἐν
2130 2035 2287 2115 τοῖς
2307 2037 2314 2040 “
2334 2028 2699 2128 φαλάροις
2744 2029 2876 2106 καὶ

629 2136 969 2229 χαλινοῖς
1010 2139 1171 2207 τῶν
1216 2133 1469 2208 ἵππων
1500 2135 1829 2229 ἔχοντας,
1883 2134 2032 2231 quis
2058 2158 2190 2206 non
2228 2133 2449 2207 videat
2481 2133 2650 2206 nihil
2687 2159 2880 2208 eom-

636 2236 815 2334 perti
864 2235 1174 2308 habuisse
1223 2236 1657 2333 Apollonium
1676 2229 1714 2308 P
1811 2234 1967 2308 Non
2017 2235 2283 2308 credatu
2331 2235 2402 2306 in
2453 2258 2655 2308 scena
2705 2260 2876 2309 eon-

637 2345 938 2435 spectum
989 2361 1139 2409 esse
1171 2336 1593 2410 Meumonem
1628 2331 2515 2435 κωδωνοφαλαρόπωλον,
2566 2336 2688 2410 sed
2723 2360 2876 2410 ver·

544 2464 560 2474 ·
635 2437 741 2510 his
792 2438 1194 2536 descriptum
1241 2438 1449 2512 fuisse
1500 2440 1646 2511 eius
1698 2449 1993 2511 ornatum
2012 2489 2038 2530 ,
2091 2437 2291 2512 sicuti
2336 2437 2409 2512 in
2458 2436 2740 2538 Septem
2788 2435 2878 2513 ad

639 2539 915 2613 Thebas
967 2540 1050 2613 de
1101 2547 1293 2613 sento
1345 2539 1567 2637 Tydei
1623 2564 1685 2613 v,
1737 2542 1917 2616 392.
1970 2541 2242 2634 dictum,

886 2685 1335 2786 χαλκήλατοι
1380 2684 1739 2780 κλάζουσι
1781 2686 2128 2775 κώδωνες
2176 2686 2453 2791 φόβον.

842 2838 1157 2937 Equitem
1194 2839 1418 2913 faeere
1448 2840 1868 2915 Memnonem
1905 2843 2288 2940 expeffitum
2316 2843 2443 2915 fnit
2469 2842 2876 2918 Welckero.

640 2937 814 3016 Nam
850 2966 951 3039 xp.
1000 2942 1182 3016 438.
1233 2965 1423 3034 eum,
1503 2944 1750 3041 quippe
1796 2943 2113 3037 Ponant,
2185 2954 2261 3017 ut
2322 2946 2607 3041 equitem
2674 2969 2876 3043 posse

643 3042 928 3141 eogitari
979 3044 1100 3116 ait.
1200 3040 1344 3133 Sed
1409 3046 1716 3141 quoniam
1784 3046 1960 3142 quod
2024 3046 2283 3145 potnit,
2363 3072 2495 3120 non
2558 3048 2876 3124 continuo

641 3145 795 3238 fuit,
846 3145 1055 3218 fuisse
1102 3144 1618 3236 demonstratum
1667 3146 1795 3219 ivit
1841 3172 1950 3240 eo,
2005 3148 2179 3244 quod
2222 3144 2526 3245 φάλαρα
2566 3148 2647 3221 ad
2682 3149 2877 3247 equi·-

643 3255 852 3324 utum
902 3246 1236 3347 pertinere
1270 3269 1360 3319 ex
1400 3247 1507 3320 his
1536 3246 1890 3347 Euripidis
1914 3250 1985 3322 in
2019 3248 2268 3347 Suppl.
2297 3253 2473 3326 584.
2516 3258 2873 3349 appareat:

1658 3396 2048 3498 ὁρμᾶσθαι
2089 3399 2338 3498 χρέων

896 3493 1119 3574 πάντ’
1178 3495 1401 3597 ἄνδρ’
1457 3496 1762 3597 ὁπλίτην
1813 3497 2177 3599 ἁρμάτων
2223 3501 2294 3576 τ’
2353 3499 2808 3602 ἐπεμβάτην,

894 3596 1413 3706 μοναμπύκων
1459 3629 1539 3674 τε
1588 3599 1894 3703 φάλαρα
1938 3607 2353 3680 κινεῖσθαιε
2405 3615 2412 3622 ’

605 3760 609 3763 ’
646 3750 1097 3849 distinguique
1146 3777 1228 3825 ea
1279 3745 1363 3824 ab
1413 3752 1687 3826 habenis
1747 3762 1818 3828 et
1866 3755 2073 3829 frenis
2126 3756 2297 3855 apud
2348 3757 2761 3831 Herodotum
2801 3754 2871 3832 Ι.

649 3856 826 3928 215.
879 3854 1137 3950 (quidni
1186 3854 1702 3951 distinguantur,
1756 3881 1922 3954 quae
1964 3882 2176 3955 neque
2212 3859 2502 3933 habenae
2537 3884 2663 3934 nee
2687 3859 2874 3933 frena

649 3947 884 4050 siutP)
937 3965 1006 4027 et
1055 3955 1235 4028 dieta
1282 3980 1431 4030 oese
1482 3956 1565 4027 ab
1615 3981 1815 4031 aureo
1867 3959 2248 4056 splendore,
2300 3969 2471 4034 teste
2523 3959 2877 4057 Etymolo-

647 4057 801 4154 gie·
843 4053 954 4127 M.
983 4054 1306 4129 Nimirum
1357 4051 1663 4156 φάλαρα
1710 4084 1846 4133 non
1895 4070 2050 4133 snut
2081 4062 2372 4159 equitnm
2401 4062 2701 4161 propria,
2751 4085 2877 4136 nee

647 4166 1005 4257 potuerunt
1053 4155 1201 4229 sola
1250 4159 1331 4229 ah
1381 4156 1709 4256 Euripide
1758 4163 2124 4257 nominari,
2177 4164 2309 4237 nisi
2357 4160 2877 4261 μοναμπύκων

648 4258 948 4332 adderet.
1050 4256 1540 4333 Grammatieus
1601 4261 1674 4334 in
1737 4262 2144 4338 Baehmanni
2192 4266 2558 4341 Aneedotis
2622 4267 2759 4338 vol.
2810 4259 2874 4344 Ῑ.

488 4423 510 4451 ,
646 4384 723 4459 p.
750 4364 932 4455 402,
983 4363 1113 4437 80.
1179 4356 1483 4461 φάλαρα
1499 4388 1518 4406 ·
1583 4360 1722 4447 τὰς
1766 4364 2352 4462 προμεὶωιίδας.
2429 4365 2606 4451 τοὺς
2653 4364 2877 4488 &ont-
