3192 4992
582 352 722 423 ⁴326
1222 351 1328 412 DE
1372 335 1747 410 AESCHYL‘I
1785 345 2181 408 AETNAEIS.

597 521 770 593 falsa
820 517 908 591 sit
955 515 1090 590 ista
1138 514 1648 613 argumentatio.
1747 512 1921 616 Nam
1983 512 2200 613 primo
2262 518 2533 611 praeter
2579 509 2835 608 Lycios

594 622 972 719 Cyclopes,
1040 618 1124 690 de
1177 642 1450 717 quorum
1503 625 1656 689 ortu
1704 637 1840 689 nou
1890 622 2192 706 constat,
2264 614 2463 687 etiam
2515 613 2634 685 alii
2686 625 2838 686 suut

605 722 980 820 Cyclopes,
1061 744 1337 816 quorum
1399 727 1560 792 nota
1624 726 1730 792 est
1795 717 2009 813 origo.
2097 717 2334 813 ⁸Atque
2400 715 2526 788 hos
2579 739 2837 812 quoque

573 817 1172 924 χειρογάστορας
1221 844 1370 894 esse
1421 820 1729 893 confiteri
1794 818 2064 892 deberet
2109 817 2527 890 ‘Welekerus
2544 867 2570 908 ‚
2640 817 2839 889 etiam

470 967 473 974 ›
604 928 666 1000 si
732 947 866 998 nou
930 930 1309 1014 testaretur
1354 922 1752 994 scholiastes
1816 919 2167 1018 Euripidis
2237 919 2320 991 ad
2371 917 2608 991 Orest-
2655 918 2837 994 953.

603 1022 1000 1108 Κύκλωπες
1048 1021 1132 1098 δὲ
1167 1023 1237 1097 οἱ
1265 1018 1902 1125 ἐγχειρογάστορες
1931 1018 2460 1118 περιετείχισαν
2490 1017 2626 1103 τὰς
2658 1023 2841 1094 Μυ-

605 1125 835 1225 κήνας
887 1125 1016 1209 οὓς
1063 1123 1109 1222 ἦ
1160 1122 1452 1221 ἱστορία
1516 1122 1702 1223 φησὶ
1765 1122 1903 1198 τὸν
1954 1121 2323 1219 κεραυνὸν
2368 1127 2480 1219 ’τῷ
2532 1120 2663 1195 Διῒ
2687 1127 2842 1196 ’κα-

547 1273 551 1274 ’
605 1222 1079 1305 τασκευᾶσαι.
1180 1225 1419 1323 Itaque
1467 1226 1642 1299 unde
1690 1223 1997 1323 probabit
2045 1224 2488 1322 Nicopboutis
2537 1225 2731 1316 istos,
2781 1224 2843 1297 si

608 1353 745 1406 nou
795 1331 929 1403 siut
978 1326 1181 1424 Lycii
1231 1326 1603 1425 Cyclopes,
1666 1352 1801 1400 non
1852 1351 2001 1399 esse
2052 1327 2235 1417 ilios,
2292 1350 2457 1423 quos
2513 1324 2724 1399 Caelo
2776 1333 2845 1399 et

606 1432 840 1506 Terra
886 1438 1251 1528 prognatos
1296 1429 1474 1502 dixit
1520 1422 1917 1502 Hesiodus?
2015 1426 2280 1499 Deinde
2331 1427 2528 1500 etiam
2577 1436 2847 1524 praeter

616 1532 946 1631 Cyclopes
998 1554 1441 1628 quoscumque
1492 1532 1613 1602 alii
1664 1539 1816 1604 sunt
1864 1530 2058 1602 multi
2107 1527 2646 1627 fabri,‘quorum
2699 1529 2847 1626 ipsc

613 1634 940 1714 Lemnios
988 1632 1272 1706 Cabirus
1338 1641 1406 1704 et
1469 1632 1795 1728 Dactylos
1861 1630 2104 1703 Idaeos
2167 1630 2487 1704 nominat.
2607 1628 2847 1727 Itaque

619 1736 777 1835 quid
844 1743 948 1809 est
1013 1759 1133 1807 cur
1192 1758 1328 1807 uon
1390 1734 1625 1808 horum
1689 1733 1949 1830 aliquos
1998 1731 2353 1830 Nicopbou
2399 1731 2851 1806 introduxerit

574 1838 880 1937 potius,
951 1860 1146 1932 quam
1212 1859 1378 1932 quos
1441 1836 1627 1929 nullo
1693 1844 1965 1907 auctore
2014 1835 2238 1906 fabros
2306 1833 2511 1907 fuisse
2562 1841 2849 1928 constat,
2907 1879 2912 1888 ·

615 1931 945 2012 Palicos?
1045 1935 1458 2033 Interposuit
1507 1959 1667 2009 vero
1721 1937 1919 2009 etiam
1968 1960 2106 2008 rem
2157 1935 2434 2028 falsam,
2487 1960 2685 2032 quum
2737 1959 2853 2009 or-

618 2049 758 2115 tum
810 2037 1069 2112 censuit
1116 2036 1450 2110 fabrorum
1498 2038 1926 2111 ferrariorum
1975 2038 2236 2134 pictura
2283 2037 2418 2109 ista
2464 2061 2852 2134 repraesen-

620 2143 778 2216 tari.
878 2138 1120 2213 Finxit
1170 2141 1342 2213 enim
1391 2140 1521 2213 hoc
1568 2139 1743 2237 ipse,
1795 2140 2074 2212 alterum
2124 2140 2432 2211 iuvenum
2478 2140 2614 2211 ima
2659 2138 2852 2237 pedis

621 2252 813 2342 parte
879 2241 1169 2315 noudum
1233 2249 1497 2334 natum,
1580 2240 1703 2313 sed
1767 2250 2143 2314 nascentem
2185 2239 2576 2336 significari
2638 2250 2853 2314 ratus.

625 2344 822 2438 Quod
885 2343 945 2416 si
998 2344 1180 2415 'nulli
1242 2343 1313 2416 in
1379 2366 1457 2415 ea
1519 2337 1784 2440 pictura
1844 2352 2190 2416 nascentes
2245 2341 2419 2414 fabri
2468 2352 2853 2437 cernuntur,

624 2473 758 2519 non
808 2453 1089 2543 possunt
1136 2444 1240 2516 illi
1290 2445 1491 2517 iidem
1542 2469 1732 2537 esse,
1807 2469 1971 2541 quos
2021 2451 2369 2517 nascentes
2420 2443 2593 2542 apud
2623 2443 2857 2519 Nico-

625 2549 940 2647 pbontem
992 2547 1276 2619 describi
1325 2555 1539 2642 putat.
1641 2545 1875 2643 Neque
1924 2569 2110 2637 vero,
2161 2545 2359 2616 etiam
2413 2546 2473 2618 si
2500 2569 2857 2620 nasceren-

480 2719 487 2738 ,
628 2661 739 2722 tur
787 2649 855 2719 in
907 2647 1169 2744 pictura
1219 2645 1348 2718 duo
1398 2647 1570 2718 fabri
1618 2647 1908 2738 ferrarii,
1963 2647 2273 2719 continuo
2322 2646 2431 2718 illi
2479 2645 2703 2721 Palici
2749 2649 2859 2721 fo-

628 2755 805 2822 rent.
903 2745 1059 2819 Non
1106 2746 1407 2842 sequitur
1469 2748 1644 2818 enim
1692 2747 2069 2820 necessario
2136 2748 2362 2821 fabros
2419 2772 2575 2822 esse
2592 2763 2630 2842 ,“
2684 2747 2858 2848 quod

410 2897 419 2906 κ
558 2841 561 2842 ’
631 2848 1009 2921 Vulcanum
1060 2848 1168 2918 vel
1215 2871 1404 2918 avum
1453 2848 1559 2919 vel
1628 2856 1884 2945 patrem
1931 2847 2240 2922 babeant.
2337 2847 2485 2923 Sed
2531 2851 2670 2924 ruit
2716 2860 2858 2926 tota
2953 2855 2956 2864 '

508 2982 519 2990 ·
634 2948 1053 3023 ratiocinatio
1103 2948 1236 3020 iam
1285 2973 1326 3020 a
1373 2948 1730 3046 principio.
1850 2948 2007 3022 Nou
2069 2959 2294 3048 potest
2356 2952 2533 3024 euim
2585 2953 2859 3027 concedi

542 3044 1207 3151 12χειρογοίστορας
1252 3049 1477 3122 fabros
1521 3075 1671 3123 esse
1703 3051 2044 3128 ferrarios.
2143 3052 2289 3126 Ista
2317 3054 2583 3126 nomina
2616 3055 2859 3148 omnia,

626 3146 1186 3253 χειρογάστορες
1196 3206 1222 3239 ,
1289 3147 1961 3253 ἐγχειρογάστορες,
2010 3150 2559 3254 γαστρόχειρες,
2617 3151 2862 3254 χειρό-

634 3255 817 3354 βιοι,
870 3249 1395 3350 ἇποχειρόβιοι,
1447 3255 1714 3350 quosvis
1744 3256 2125 3353 significant
2156 3259 2525 3354 operarios,
2577 3255 2693 3354 qui
2719 3282 2863 3334 ma·-

633 3381 831 3429 nuum
878 3380 1087 3454 opera
1134 3355 1262 3427 sibi
1313 3356 1555 3428 victum
1605 3366 1953 3453 quaerunt.
2051 3355 2241 3430 Satis
2287 3366 2399 3431 est
2441 3379 2617 3431 unus
2665 3359 2861 3433 testis

636 3457 1053 3555 Hesychiusz
1137 3452 1674 3555 ἆποχειρόβτοιζ
1754 3458 1825 3531 οἵ
1867 3457 2132 3541 ἁλιεῖς·
2210 3457 2339 3534 καὶ
2378 3456 2863 3558 χειρώνακτες

638 3558 766 3634 καὶ
814 3554 1485 3659 ἐγχειρογάστορες,
1554 3559 1626 3632 οἱ
1683 3563 2033 3654 τεχνῖται.
2143 3557 2374 3634 Idemz
2440 3558 2863 3664 ’ἐγχειρογά-

520 3683 525 3690 ·
642 3683 917 3755 στορες,
969 3660 1039 3734 οἱ
1084 3655 1237 3734 ἀπὸ
1282 3667 1443 3735 τῶν
1483 3665 1759 3757 χειρῶν
1804 3657 2365 3789 γαστριζόμενοι
2410 3661 2541 3736 καὶ
2584 3669 2678 3759 τῇ
2725 3687 2863 3765 γα-

644 3762 811 3860 στρὶ
858 3760 1315 3860 πορίζοντες·
1369 3759 1706 3863 λέγονται
1733 3760 1819 3837 δε
1853 3760 1986 3837 καὶ
2017 3760 2551 3864 γαστρόχειρες.
2652 3761 2863 3840 Νίσο-

644 3862 910 3961 pboutis
962 3872 1178 3936 autem
1225 3864 1330 3935 ini
1379 3865 1642 3936 minime
1691 3865 2005 3957 onmium,
2057 3876 2368 3962 quantum
2400 3891 2489 3939 ex
2525 3866 2866 3966 fragmen-

644 3966 734 4038 tis
784 3963 1043 4035 fabulae
1106 3966 1394 4063 int-affigi
1443 3972 1705 4061 potest,
1771 3966 1946 4039 fabri
2007 3967 2313 4040 videntur
2373 3968 2674 4061 ferrarii,
2735 3967 2865 4043 ‘sed

644 4066 845 4162 coqui
911 4065 1154 4161 ariique,
1216 4066 1289 4146 id
1332 4091 1545 4165 genus
1591 4067 1893 4141 homines
1942 4067 2189 4141 fuisse:
2255 4095 2529 4168 quorum
2579 4072 2867 4169 aliquam
2951 4135 2955 4140 ,

534 4266 543 4272 ἡ
648 4169 891 4343 {altos
952 4166 1075 4237 ine
1136 4167 1243 4240 his
1304 4169 1605 4243 versibus
1665 4169 1843 4269 apud
1888 4168 2304 4266 Athenaeum
2349 4170 2496 4245 111.
2563 4198 2635 4270 p.
2692 4175 2864 4251 126.

719 4320 743 4343 .
793 4268 1233 4342 enumeravit:
1374 4267 1381 4272 ’
2349 4339 2362 4348 5
2821 4329 2828 4338 .
