3192 4992
1404 1211 1545 1273 DE
2591 1212 2640 1285 3

497 1377 1407 1493 APOLLINE
1519 1382 1748 1492 ET
1868 1380 2453 1494 mANA.

944 1616 1237 1695 PARS
1299 1618 2008 1696 POSTERIOR.

354 2017 740 2128 ostensum
790 2060 896 2130 est
942 2055 1014 2129 in
1061 2057 1287 2153 priore
1336 2064 1527 2154 parte
1577 2056 1775 2131 huius
1826 2058 2390 2131 commentationis
2404 2109 2431 2151 ,
2489 2057 2596 2130 fa·
2729 2081 2734 2088 ·

353 2158 519 2229 bula
565 2158 725 2249 illa,
799 2181 927 2255 qua
975 2155 1246 2231 Latona
1311 2159 1756 2231 continentem
1807 2167 2004 2256 atque
2054 2160 2306 2233 insulas
2356 2183 2598 2257 perva-

355 2268 522 2355 gata
572 2259 830 2331 tandem
881 2258 1046 2331 Deli
1108 2265 1377 2356 recepta
1428 2284 1581 2332 esse
1640 2260 1863 2355 ibique
1922 2261 1992 2332 in
2041 2257 2259 2333 lucem
2308 2260 2595 2334 edidisse

356 2360 747 2457 Apollinem
799 2367 869 2432 et
915 2360 1203 2434 Dianam
1254 2361 1433 2432 dieta
1481 2369 1623 2451 est,
1681 2361 2071 2457 peregrinos
2089 2362 2285 2434 deos
2335 2362 2598 2457 signifi-

358 2461 533 2553 cari,
588 2485 863 2557 quorum
913 2484 1104 2533 sacra
1154 2484 1351 2558 aegre
1404 2468 1471 2534 et
1520 2462 2006 2534 reluctantibus
2049 2462 2160 2559 qui
2205 2469 2340 2534 tum
2376 2462 2602 2537 Grae-

359 2564 539 2635 ciam
589 2561 897 2634 tenebant
943 2562 1189 2635 fuerint
1236 2569 1531 2659 recepta.
1637 2547 2041 2662 Conspirant
2093 2588 2238 2636 cum
2287 2564 2392 2637 his
2445 2588 2603 2637 cae-

360 2673 541 2737 tera.
655 2662 825 2736 Nam
872 2663 1167 2738 ,simulac
1230 2670 1423 2735 natus
1474 2672 1654 2737 esset
1702 2662 1994 2761 Apollo,
2065 2663 2373 2761 Delphos
2423 2667 2604 2762 peti-

361 2766 572 2857 visse,
622 2764 844 2861 ibique
897 2764 1271 2857 draconem,
1323 2765 1432 2837 cui
1479 2765 1771 2862 Pythoui
1819 2789 2056 2838 nomeu
2105 2767 2443 2860 fecerunt,
2495 2768 2606 2839 in-

361 2866 713 2940 terfecisse
766 2865 1041 2939 dicitur
1132 2864 1244 2939 De
1311 2890 1439 2963 qua
1502 2892 1575 2940 re
1638 2876 1907 2965 praeter
1957 2868 2126 2941 alios
2179 2865 2424 2942 Strabo
2479 2893 2606 2941 ex·
2742 2943 2760 2968 ἱ

224 2985 228 2992 ’
363 2969 595 3068 posuit
644 2966 1289 3065 Ix.3,11.qui
1341 2968 1598 3064 quidem
1653 2967 2039 3067 Ephorum,
2105 2970 2176 3040 in
2229 2994 2421 3065 quem
2470 2970 2605 3041 ini-

366 3071 565 3190 quior
615 3077 743 3162 est,
804 3065 1152 3166 vituperat,
1207 3069 1382 3166 quod
1429 3070 1519 3161 is,
1572 3094 1768 3165 quum
1819 3070 1889 3142 in
1932 3069 2124 3143 huius
2167 3069 2376 3144 famae
2410 3094 2638 3143 enar-x

243 3173 277 3234 I»
365 3174 630 3244 ratione
695 3171 1061 3270 praecipue
1119 3194 1192 3243 se
1258 3171 1522 3243 veritati
1572 3195 1840 3269 operam
1892 3171 2050 3244 dare
2101 3172 2605 3266 asseveraverit,

366 3282 593 3347 tamen
642 3273 1016 3364 rettulerit,
1085 3295 1252 3370 quae
1304 3272 1437 3345 sint
1483 3272 2012 3365 fabulosissima,
2087 3273 2277 3346 deum
2325 3273 2605 3345 interfe-

370 3376 551 3449 cisse
583 3373 860 3471 Tityum
913 3374 1253 3471 quemdam
1304 3381 1372 3446 et
1407 3373 1804 3472 Pythonem,
1855 3375 2265 3472 Athenisque
2297 3368 2621 3471 Delphos

371 3477 605 3566 ivisse,
639 3485 1074 3573 vagatumque
1102 3500 1251 3549 esse
1279 3500 1402 3574 per
1430 3501 1686 3548 omnem
1715 3475 1939 3548 orbem
1970 3483 2317 3548 terrarum.
2366 3474 2609 3549 Enim-

373 3585 537 3650 vero
571 3576 888 3674 Ephorus
942 3576 1098 3674 quid
1144 3578 1293 3675 ipse
1343 3578 1646 3651 crederet
1694 3579 2046 3675 exposuit:
2111 3576 2287 3673 quod
2334 3577 2453 3650 ille
2485 3601 2609 3650 ne-

377 3704 505 3777 que
559 3679 840 3754 absurde
890 3679 1076 3772 fecit,
1131 3688 1208 3754 ut
1256 3680 1366 3752 cui
1412 3703 1801 3777 persuasum
1847 3687 2031 3752 esset
2081 3678 2275 3751 deum
2321 3679 2604 3752 hominis

378 3806 624 3879 corpus
673 3780 993 3874 induisse,
1044 3804 1170 3854 nec
1219 3779 1391 3854 dixit
1438 3780 1765 3873 fabulose,
1819 3780 1938 3853 sed
1987 3781 2208 3878 potius
2260 3789 2335 3853 ut
2369 3781 2609 3878 expli-

379 3890 565 3956 caret
612 3882 925 3956 fabnlam.
1017 3881 1107 3955 ln
1140 3881 1476 3955 Parnasso
1525 3883 1860 3956 habitasse
1901 3882 2066 3955 dicit
2101 3882 2417 3978 quosdam
2445 3883 2609 3954 abo·

379 3985 630 4082 rigines
681 3984 804 4058 illo
856 3992 1175 4082 tempore,
1229 4009 1358 4081 quo
1385 3985 1637 4082 Apollo
1690 3992 1904 4057 terras
1956 3984 2219 4075 obierit,
2268 3991 2345 4056 ut
2392 3984 2612 4055 homi-

383 4110 502 4158 nes
555 4086 639 4159 ad
688 4087 1015 4159 mitiorem
1065 4087 1239 4157 vitae
1291 4087 1540 4159 cultum
1590 4085 1974 4162 adduceret.
2076 4085 2289 4177 Quem
2326 4084 2609 4159 Athenis

257 4225 266 4236 ι
386 4211 468 4259 ea
516 4188 647 4280 via,
700 4212 828 4285 qua
875 4195 1111 4285 postea
1151 4187 1593 4260 Athenienses
1622 4186 1967 4284 Pythicam
2001 4212 2309 4286 pompam
2351 4187 2613 4260 mittere

388 4296 841 4381 consuessent,
890 4289 1198 4387 Delphos
1240 4290 1794 4386 proficiscentem,
1849 4314 2045 4387 quum
2071 4288 2455 4386 Panopeum
2497 4311 2615 4360 ve-

388 4390 623 4485 nisset,
673 4391 1091 4480 interemisse
1139 4391 1417 4490 Titytm
1428 4444 1457 4487 ,
1527 4392 1740 4466 virum
1788 4391 2148 4467 violentum
2197 4397 2269 4463 et
2317 4395 2615 4462 contem-
