3192 4992
744 362 844 424 nn
885 361 1182 424 nunus
1225 361 1868 425 mscuffnomuus
1911 331 2242 429 amors,
2472 363 2598 434 189

378 538 594 604 autem
658 526 1065 602 restituenda
1127 553 1275 602 esse
1342 528 1541 602 etiam
1604 529 1871 603 nomina
1932 533 2229 629 propria.
2340 531 2427 606 Iu
2488 535 2596 609 his

289 641 302 660 ⁸
377 631 784 705 inveniendis
833 654 1047 729 pauca
1095 639 1165 703 et
1215 630 1511 704 modesta
1558 655 1807 728 poseo,
1856 641 1948 712 „ut
2006 637 2074 707 Τ
2113 634 2356 707 lectum
2404 646 2596 734 pute·
2630 669 2633 674 ·

378 742 487 806 tur
531 757 653 830 pro
706 738 788 820 1,
848 734 1085 830 Opro
1140 736 1220 804 Φ
1269 740 1338 805 et
1394 735 1477 820 Θ,
1529 739 1574 805 1
1612 757 1743 829 pro
1809 738 1869 805 Y
1910 742 1979 807 et
2028 739 2111 808 E.
2212 735 2397 807 Mira
2445 745 2597 810 sunt

380 859 571 907 versu
622 835 821 906 tertio
875 841 943 906 et
993 842 1225 931 quarto
1247 901 1253 910 ,
1278 836 1355 922 ξ,
1403 858 1578 934 *quae
1631 834 1843 908 forma
1893 836 2043 908 aliis
2093 836 2162 908 iu
2211 837 2598 934 inscriptio-

373 937 566 1008 nibus
617 942 664 1008 Ι
709 943 919 1008 notat.
1020 935 1196 1028 Hic,
1251 960 1448 1031 quum
1499 945 1762 1008 caetera
1811 941 1856 1007 1
1902 947 2088 1010 recta
2139 938 2315 1010 linea
2366 940 2598 1036 expri-

372 1048 671 1128 mantur,
742 1038 968 1109 neseio
1036 1060 1120 1108 an
1182 1037 1367 1109 laeso
1431 1037 1642 1134 lapidi
1707 1038 2052 1110 tribuenda
2101 1039 2191 1111 sit
2241 1041 2596 1113 aberratio.

373 1136 485 1211 Ita
545 1141 678 1210 iam
728 1139 988 1209 minime
1050 1139 1461 1211 invenustum
1512 1139 1914 1234 epigramma
1962 1164 2051 1211 ex
2100 1142 2599 1238 corruptissima

374 1241 705 1338 scriptura
755 1239 1152 1312 coniecturis
1205 1265 1328 1312 neo
1380 1239 1694 1313 violentis
1743 1263 1869 1313 neo
1915 1241 2400 1339 probabilitatis
2440 1269 2599 1342 spe-

375 1343 479 1415 eie
532 1342 902 1416 carentibus
953 1340 1440 1414 extuderimus.

581 1489 881 1567 Φανίου
928 1489 1059 1588 ἥδε
1110 1490 1240 1588 ῥοὴ
1291 1471 1717 1590 Εὗφῆμῳ”
1683 1520 1816 1566 ιτω
1864 1491 2108 1621 γέρας,
2161 1493 2345 1569 ἄνθ’
2405 1486 2522 1584 οὗ,

587 1600 734 1691 Τηλ
821 1589 978 1690 όνη,
1029 1590 1434 1689 μνήστευσε
1418 1593 1551 1666 ''9-
1595 1593 1788 1689 ὁμοῦ
1816 1593 1942 1668 καὶ
1976 1595 2258 1722 ἕθηκέη
2231 1619 2311 1670 σε
2330 1592 2595 1696 χήραν.

576 1694 688 1780 τίς
736 1620 833 1770 ιζ
899 1693 1028 1792 ῥοὴ
1095 1695 1369 1795 ἄλκαρ,
1447 1693 1678 1771 καλὸν
1748 1695 1928 1791 ὄμμ’
2002 1694 2149 1800 ἐγώ
2216 1696 2405 1772 οσσα
2464 1726 2601 1775 κα-

1674 1799 1988 1925 θαιρῶν

577 1892 878 1993 νάματα
919 1893 1440 1997 λουτροφόρος,
1489 1896 1704 1975 κενεὰ
1741 1898 2314 1998 προτελέσματα,
2358 1895 2599 1997 χεύω,·

575 2099 928 2174 Phamae
967 2099 1356 2202 Euphemo
1408 2102 1667 2202 liquor
1717 2099 1842 2174 hic
1881 2098 2197 2194 libatur,
2248 2127 2335 2177 eo
2369 2100 2598 2205 quod,

582 2204 982 2303 Telegona
993 2256 1019 2294 ‚
1086 2214 1166 2275 et
1223 2228 1515 2301 sponsa
1580 2214 1661 2276 et
1687 2202 1902 2300 fecit
1944 2203 2184 2278 vidua
2231 2216 2328 2280 ut
2369 2206 2607 2278 simul
2735 2310 2739 2315 .

1695 2328 1915 2377 38838.

582 2400 796 2494 Quid
836 2414 1097 2477 tamen
1139 2402 1332 2477 haec
1363 2416 1725 2505 prosunt,
1768 2402 2099 2504 placida
2133 2404 2277 2477 illa
2303 2429 2449 2506 ego
2485 2407 2601 2478 lu-
2738 2461 2747 2472 .

1191 2553 1198 2568 ,
1691 2508 1908 2577 mina
1959 2504 2296 2578 condens

584 2605 972 2706 Quotquot
1000 2630 1212 2678 mma
1249 2629 1459 2706 puer
1486 2630 1765 2703 sponso
1796 2597 2171 2680 libamina
2198 2604 2551 2705 fundam
2567 2607 2603 2680 ἓ

376 2754 722 2830 Putaudus
773 2757 903 2830 erit
928 2755 1222 2836 Phaniae
1273 2757 1451 2830 filius
1491 2756 1878 2854 Euphemus
1931 2782 2213 2854 sponsae
2263 2783 2424 2836 suae
2453 2759 2604 2836 To-

377 2863 658 2957 legonae
707 2867 920 2932 morte
970 2883 1118 2931 esse
1170 2866 1463 2956 ereptus,
1518 2860 1707 2932 euius
1755 2860 1827 2931 in
1867 2861 2175 2956 sepulcro
2219 2869 2402 2934 stans
2436 2885 2604 2959 puer

381 2963 570 3059 quasi
631 2983 865 3056 aquam
928 2984 1016 3034 ex
1078 2984 1278 3034 urceo
1344 2961 1684 3034 effundens
1748 2961 2108 3057 alloquitur
2157 2962 2602 3060 Telegonam‚

382 3063 805 3161 queriturque
841 3061 1034 3158 quod
1081 3062 1248 3133 nihil
1297 3062 1571 3134 remedii
1622 3063 1924 3152 afferant,
1977 3086 2144 3158 quae
2195 3063 2442 3138 frustra
2476 3088 2604 3136 nu·-

381 3165 540 3264 ptiis
589 3163 1058 3260 inaugurandis
1110 3162 1435 3235 destinata
1484 3187 1677 3236 saera
1740 3164 1973 3236 oeulos
2021 3165 2310 3237 condens
2358 3166 2604 3266 mortui

381 3266 759 3365 profundat.
882 3262 966 3337 Si
1028 3264 1194 3336 haee
1253 3288 1389 3336 nou
1433 3288 1610 3348 vera
1672 3273 1826 3337 sunt
1891 3266 2071 3362 (quis
2137 3267 2309 3338 enim
2361 3266 2432 3337 in
2482 3267 2604 3338 tali

382 3375 797 3440 monumento
849 3373 1034 3440 certa
1063 3389 1137 3437 se
1173 3365 1424 3440 eruisse
1458 3366 1816 3463 glorietur.
1801 3360 1835 3419 Ρ
1852 3370 1909 3463 ),
1964 3367 2197 3439 saltem
2231 3367 2392 3440 talia
2424 3374 2604 3460 sunt,

387 3470 608 3566 qualia
653 3467 861 3540 fuisse
911 3492 1045 3540 non
1097 3467 1186 3540 sit
1224 3467 1636 3540 incredibile.
1738 3465 1971 3564 Neque
2013 3468 2183 3540 enim
2215 3468 2388 3565 quod
2421 3496 2606 3568 προ-

382 3568 829 3666 τελὲσματα,
900 3592 1066 3665 quae
1131 3566 1504 3663 προτελεια
1554 3569 1715 3640 alibi
1763 3577 2118 3663 vocantur,
2186 3594 2319 3643 nou
2369 3577 2473 3643 est
2522 3571 2604 3642 ab

383 3671 879 3792 lexicograpbis
929 3670 1332 3764 adnotatum,
1386 3678 1760 3767 suspectam
1807 3671 2028 3744 faeere
2078 3679 2301 3768 potest
2331 3672 2606 3752 formam
2748 3755 2755 3766 ,

384 3775 671 3850 nominis
718 3774 958 3846 iustam
1008 3773 1313 3869 omnique
1362 3773 1876 3871 reprehensione
1926 3795 2221 3856 vacuam.
