3192 4992
624 371 758 439 376
1180 349 1317 432 'DE
1334 369 1730 463 ιιιιιεοιιιτῌ
1770 368 2223 429 meon-ons

626 539 887 612 modum
952 536 1315 635 probabilis
1381 536 1763 609 coniectura
1823 541 1928 608 est
1975 532 2337 607 Welckeri
2396 533 2469 606 in
2536 533 2860 627 Trilogia

626 668 697 738 p.
750 643 930 715 439.
995 639 1107 735 qui
1173 637 1405 710 eodem
1456 638 1612 709 loco
1661 637 1914 709 monuit
1961 660 2308 762 perperam
2356 635 2428 707 ἰιι
2479 634 2700 708 indice
2750 636 2860 706 fa·-

540 826 545 831 ‚
629 743 926 814 hularum
973 740 1293 837 Aeschyli
1342 740 1661 836 scriptum
1711 762 1861 810 esse
1899 733 2378 830 Σαλαμίνιοι,
2426 737 2498 809 ἰιι
2548 739 2856 833 personis

627 854 845 916 autem
895 841 1159 914 fabulae
1207 842 1562 938 praecipue
1615 840 1954 912 Teucrum
2005 839 2397 929 eminuisse,
2465 838 2642 934 quod
2691 841 2860 910 Ari·

627 946 986 1043 stophanes
1034 943 1106 1014 in
1153 941 1367 1015 Ranis
1416 966 1484 1014 V.
1520 945 1744 1017 1040.
1770 941 2174 1036 Aeschylum
2213 940 2542 1013 dicentem
2581 939 2854 1013 fecerit.

881 1092 1070 1169 ὅθεν
1144 1089 1316 1190 ἦ’μὴ
1384 1089 1587 1191 φρὴν
1656 1078 2186 1188 ἀπομαξαμένη
2250 1087 2523 1173 πολλὰς
2593 1090 2858 1187 ἀρετὰς

879 1289 1385 1394 Πατρόκλων,
1446 1289 1793 1391 Τεύκρων
1838 1192 2525 1389 aefssxgnwmff
2485 1291 2592 1366 ‘lv'
2648 1290 2859 1367 ἐπαί-

1844 1396 2042 1493 ροιμ’
2103 1393 2351 1490 ἄνδρα
2399 1392 2708 1490 πολίτην

536 1493 632 1566 14
883 1493 1368 1573 ἀντεκτείνειν
1431 1493 1666 1571 αὑτὸν
1727 1494 2053 1584 τούτοις,
2125 1492 2407 1571 ὁπόταν
2458 1491 2858 1599 σάλπιγγος

1846 1593 2148 1694 ἀκούσῃ.

627 1747 810 1820 Illud
862 1773 1023 1822 vero
1074 1750 1249 1822 hand
1298 1749 1496 1822 facilc
1547 1749 1994 1845 persuadebit,
2053 1744 2585 1842 (θυμολεόντων
2635 1758 2710 1822 ut
2735 1774 2862 1821 no-

632 1875 779 1920 men
843 1851 1184 1947 proprium
1251 1875 1372 1946 per
1434 1852 1649 1923 iocum
1711 1853 1792 1923 ah
1841 1853 2288 1947 Aristophane
2342 1875 2490 1923 esse
2542 1850 2862 1922 additum.
2989 1892 2996 1915 .

630 1951 853 2022 Multo
925 1953 1344 2025 verisimilius
1413 1961 1517 2025 est
1579 1977 1661 2026 ac
1722 1977 1931 2050 prope
1996 1978 2128 2024 non
2194 1953 2498 2043 dubium,
2578 1953 2661 2024 ah
2710 1953 2862 2048 ipso

626 2051 965 2147 Aeschylo
1017 2053 1358 2127 Teucrum
1422 2055 1669 2127 dictum
1722 2079 1870 2127 esse
1919 2052 2433 2148 θυμολέοντα,
2502 2053 2702 2149 idque
2751 2078 2868 2124 re-

618 2153 947 2254 petivisse
975 2156 1513 2254 Aristophanem.
1615 2157 2094 2253 Argumentum
2143 2155 2405 2229 fabulae
2448 2155 2709 2228 Teucri
2755 2156 2867 2227 in-

632 2256 987 2327 fortunium
1038 2256 1257 2341 fuisse
1312 2266 1613 2354 oportet,
1683 2283 1876 2355 quem
1924 2264 2156 2354 pa'ter,
2224 2258 2399 2354 quod
2463 2258 2606 2329 sine
2656 2257 2865 2329 Aiace

632 2358 1040 2449 revertisset,
1096 2356 1433 2431 Salamine
1486 2361 1769 2456 expulit.

836 2457 1239 2556 Fragmenta
1290 2468 1622 2588 perpauca
1656 2446 1989 2534 hahemus.
2092 2459 2507 2556 HesychiuS.
2561 2458 2866 2557 ἀναροι-

503 2580 507 2585 ·
636 2557 795 2648 δοῖ,
849 2560 1231 2658 ἀναροφεῖ.
1334 2558 1702 2655 Αἰσχύλος
1751 2565 2203 2659 Σαλαμῖνες.
2306 2561 2674 2643 Emendate
2724 2559 2787 2632 F
2789 2584 2868 2631 a-

642 2662 944 2751 vorinus,
998 2659 1498 2757 ἀναρῥοιβδεῖ,
1551 2662 1993 2763 ἀναρῤοφεῖ,
2045 2663 2308 2737 omissis
2357 2671 2595 2761 poetae
2646 2671 2716 2736 et
2760 2662 2868 2733 fa-

640 2763 829 2832 bulae
882 2763 1275 2833 nominibus.

841 2861 1253 2957 Hesychius·
1322 2858 1623 2990 ἀνήρης,
1674 2860 2089 2963 ἀνδρώδης.
2192 2860 2559 2960 Αἰσχύλος
2607 2872 2878 2992 Σαλα-ν

638 2988 793 3057 μιν.
895 2962 1307 3038 Favorinus.
1391 2960 1705 3061 ἀνήρης,
1772 2964 2200 3064 ἀνδρώδης·
2278 2969 2349 3041 οἳ
2398 2964 2481 3041 δὲ
2533 2963 2871 3062 ἀναρμοα

642 3087 840 3156 στος,
894 3066 1035 3138 sine
1087 3075 1382 3140 auctore.
1484 3066 1673 3140 Vera
1715 3070 1972 3141 videtur
2010 3071 2342 3166 posterior
2380 3070 2869 3167 interpretatio.

578 3162 585 3171 ’
841 3167 1256 3264 Hesychius.
1323 3169 1653 3271 ἔκλογον,
1704 3165 2067 3272 διήγησιν.
2170 3168 2538 3265 Αἰσχύλος
2587 3170 2873 3244 ἀσαλα-

639 3266 957 3364 μηνίαις.

842 3369 1216 3464 Hesychius
1284 3379 1352 3444 et
1401 3370 1812 3445 FavorinuS.
1893 3366 2320 3461 κανθύλας,
2385 3370 2518 3456 τὰς
2569 3369 2873 3468 ἀνοιδή-

645 3493 811 3553 σεις.
913 3467 1282 3566 Αἰσχύλος
1309 3470 1831 3567 Σαλαμινίαις.
1917 3472 2238 3546 Fortasse
2273 3475 2341 3546 id
2371 3478 2689 3572 scriptum
2719 3474 2870 3565 fuit,

647 3573 754 3642 uhi
808 3574 1232 3665 narrabatur,
1306 3576 1631 3672 quomodo
1682 3575 1901 3667 Aiax,
1955 3576 2189 3649 cedere
2245 3585 2552 3666 coactus,
2622 3577 2873 3649 crebris

643 3673 885 3745 ictibus
936 3674 1263 3747 hastarum
1319 3686 1633 3748 contusus
1683 3677 1909 3769 fuerit,
1964 3701 2133 3772 quae
2185 3679 2530 3777 splendide
2582 3701 2871 3751 exorna·-

652 3777 742 3845 vit
791 3774 1124 3848 Homerus
1175 3775 1374 3849 Iliad.
1426 3778 1569 3849 XI.
1624 3780 1778 3853 544
1808 3823 1911 3833 —
1940 3781 2115 3854 574.

850 3875 1040 3950 Unus
1091 3880 1534 3952 tantummodo
1597 3881 1862 4006 integer
1919 3905 2148 3953 versus
2200 3904 2286 3953 ex
2336 3878 2722 3954 Salaminiis
2771 3881 2875 3951 al·-

601 3977 824 4048 latus
889 3988 992 4050 est
1056 3980 1135 4050 ab
1201 3980 1585 4053 Herodiano
1652 3977 1818 4076 περὶ
1877 3977 2251 4077 μονήρους
2312 3981 2565 4066 λέξεως
2623 4008 2696 4080 p.
2750 3986 2874 4057 37.

650 4079 763 4150 uhi
812 4079 929 4150 ille
984 4086 1223 4177 φᾶρος
1272 4084 1577 4210 ambigua
1625 4106 1928 4155 mensura
1979 4085 2111 4156 diei
2163 4086 2517 4157 observans
2569 4086 2873 4180 scripsit.

652 4180 720 4253 οἱ
771 4179 1022 4272 μέντοι
1072 4182 1408 4283 τραγικοι
1456 4182 1707 4281 ἐπίσης
1753 4181 2156 4260 ἐκτείνουσι
2209 4192 2347 4259 τοῦ
2395 4183 2877 4278 προκειμένου

652 4277 1016 4375 ὀνόματος
1062 4282 1148 4356 τὸ
1200 4312 1251 4357 α
1300 4284 1427 4358 καὶ
1477 4285 1977 4375 συστέλλουσι,
2028 4285 2130 4370 ὥς
2178 4285 2354 4386 παρ’
2394 4282 2744 4384 Αἰσχύλῳ
2793 4289 2877 4359 ἐν

625 4381 1176 4481 Σαλαιιινίαις,
1229 4390 1313 4460 εἴ
1354 4415 1510 4483 μοι
1557 4387 1938 4489 γένοιτο
1988 4395 2288 4489 φᾶρος
2334 4386 2544 4464 ἶσον
2592 4389 2688 4464 ἐν
2730 4385 2876 4462 οὗ·
