3192 4992
799 307 1096 409 'ORATIO
1136 308 1221 370 IN
1264 307 1521 369 SACRIS
1545 308 2090 370 -SECULARIBUS.
2432 304 2564 373 419

340 476 466 550 «leo
515 476 837 550 homiues.
863 476 1173 567 credere,
1244 482 1322 547 ut
1367 482 1603 547 natura
1662 497 1786 547 sua
1848 474 1973 547 toti
2037 473 2120 545 ad
2169 474 2559 571 pravitatem

340 578 657 670 ferantur,
713 579 1045 674 virtusque
1095 577 1263 648 nihil
1313 577 1402 649 sit
1451 576 1656 668 aliud,
1710 574 1899 673 quam
1949 575 2382 672 supplicando
2431 576 2561 647 im-

223 760 239 780 ἱ
337 688 598 776 petrata
661 680 852 751 venia
913 689 1362 776 peccatorum.
1463 678 1790 770 Quorum‘
1823 677 2097 757 alterum
2165 701 2297 748 nou
2359 676 2566 773 'erigit-

337 781 688 872 hominem,
740 782 1017 852 alterum
1054 782 1247 852 etiam
1286 780 1619 876 deprimit.
1706 778 1991 850 Accedit
2022 777 2104 849 ad
2140 778 2330 869 llaec,
2383 779 2560 873 quod

336 882 732 979 perdifficile
797 890 938 975 est,
1020 882 1188 953 illud
1239 881 1307 952 in
1361 881 1655 953 docenda
1705 880 2030 975 religione
2082 887 2561 976 temperamen-

333 993 469 1056 tum
523 1007 815 1075 servare,
869 1008 998 1079 quo
1050 1008 1183 1055 non
1233 983 1588 1055 lnebescant
1640 983 1870 1054 crebra
1920 980 2289 1053 earumdem
2340 1005 2560 1052 rerum

333 1085 728 1182 repetitione
779 1085 977 1157 animi
1028 1094 1143 1156 aut
1188 1085 1407 1156 taedio
1458 1085 1865 1155 afficiantur:
1932 1107 2079 1153 nam
2127 1105 2273 1152 rara
2303 1090 2369 1154 et
2406 1082 2561 1152 bre·
2679 1128 2686 1145 ,

334 1187 475 1277 vis,
541 1185 681 1258 sed,
711 1195 1082 1282 opportuna
1145 1195 1213 1259 et
1263 1186 1485 1282 gravis
1540 1185 1908 1258 cohortatio
1968 1183 2240 1254 validius
2308 1184 2558 1257 excitat

332 1288 586 1360 animos
639 1295 706 1360 et
754 1288 1007 1359 firmius
1049 1287 1452 1359 inhaerescit
1488 1288 1867 1359 memoriae.
1967 1284 2120 1357 Non
2164 1285 2334 1355 enim
2370 1309 2560 1356 men-

332 1389 462 1480 tis,
513 1388 629 1461 sed
680 1390 972 1485 pectoris
1024 1398 1127 1460 est
1177 1389 1432 1486 pietas,
1502 1413 1650 1459 nee
1677 1393 1939 1458 movent
1990 1387 2310 1478 animum,
2384 1390 2601 1482 quae7

332 1491 804 1585 cousuetudine
840 1491 1140 1586 vulgaria
1189 1490 1380 1580 fiunt,
1434 1490 1821 1585 praesertim
1873 1488 2045 1584 apud
2082 1513 2224 1577 eos,
2278 1512 2554 1584 quorum

330 1591 400 1663 in
452 1593 685 1664 animis
735 1617 866 1664 non
917 1593 1091 1667 inest
1141 1591 1625 1663 fundamentum
1670 1591 1934 1686 aliquod
1965 1591 2367 1661 sanctitatis.
2467 1587 2555 1661 111

330 1702 548 1765 autem
599 1693 835 1765 cadere
886 1693 1016 1766 hoc
1066 1704 1359 1789 tempore
1407 1694 1479 1763 in
1526 1693 1880 1789 plerosque
1931 1717 2063 1763 uon
2110 1700 2212 1764 est
2242 1691 2556 1763 dissimu-

328 1794 622 1866 landum.
724 1796 901 1887 Quid
951 1796 1122 1866 enim
1176 1804 1471 1890 tegamus
1525 1795 1751 1866 vitium
1804 1793 2052 1883 seculi,
2126 1801 2194 1864 et
2241 1818 2374 1864 nou
2428 1798 2555 1888 p'o-

330 1896 464 1969 tius
512 1897 795 1990 ingenue
848 1896 1312 1987 confiteamur,
1384 1919 1616 1968 revera
1679 1895 1843 1965 nihil
1898 1895 2029 1966 iam
2082 1904 2378 1966 sanctum
2429 1895 2555 1985 ha-
2661 1902 2670 1919 “

331 1997 497 2069 beri.
595 1998 958 2069 Miramimi
1008 1997 1291 2069 fortasse
1342 1997 1471 2069 hoc
1522 1996 1680 2086 dici,
1734 1995 2095 2087 auditores,
2148 2005 2216 2067 et
2265 2004 2378 2067 aut
2420 1996 2554 2068 fal-

327 2121 471 2169 sum
520 2121 667 2169 esse
716 2098 1050 2189 iudicatis,
1104 2107 1218 2172 aut
1270 2097 1444 2193 quod
1494 2122 1568 2168 re
1621 2121 1890 2194 parvum
1941 2106 2044 2168 est
2094 2098 2321 2193 augeri
2354 2106 2577 2194 puta*

325 2198 413 2270 fis
479 2199 831 2270 atrocitate
895 2199 1104 2270 verbi.
1224 2202 1319 2270 At
1381 2199 1478 2269 ita
1542 2221 1692 2269 esse
1746 2197 1954 2271 omnis
2022 2205 2089 2269 et
2154 2198 2419 2294 publica
2482 2206 2552 2271 et

323 2300 584 2396 privata
648 2301 782 2372 vita
830 2301 1094 2371 clamat.
1193 2297 1365 2371 Nam
1414 2299 1810 2395 populorum
1858 2299 2034 2370 inter
2082 2323 2195 2389 se,
2268 2300 2374 2370 vel
2422 2324 2552 2396 po-

323 2400 457 2475 tius
508 2418 733 2473 eorum
787 2401 899 2497 qui
948 2408 1188 2496 regunt
1236 2401 1546 2497 populoS,
1601 2400 1963 2473 officiosam
1999 2400 2368 2471 comitatem
2403 2401 2549 2496 quis

324 2503 562 2594 nescit,
617 2502 974 2575 communis
1027 2502 1330 2574 utilitatis
1382 2503 1605 2598 specie
1654 2509 2023 2600 praetenta,
2077 2500 2553 2573 dissimulatio-

324 2628 473 2676 nem
524 2628 672 2677 esse
723 2605 883 2676 belli
938 2604 1040 2675 vel
1090 2605 1305 2700 parati
1357 2605 1465 2677 vel
1529 2596 1920 2676 formidati?
2022 2600 2279 2674 Civium
2333 2611 2561 2678 autem.

323 2706 383 2777 si
431 2704 732 2803 plerique
782 2706 1040 2801 legibus
1093 2706 1558 2797 convenienter
1611 2706 1859 2796 vivunt,
1913 2704 1972 2776 si
2023 2703 2352 2775 honestati
2404 2712 2551 2776 stu-

323 2806 517 2899 dent,
577 2808 637 2879 si
691 2808 1003 2899 benefici,
1071 2809 1131 2879 si
1183 2809 1490 2880 liberales
1540 2816 1720 2899 sunt,
1773 2808 1833 2879 si
1884 2806 2145 2877 assidue
2195 2806 2391 2877 rebus
2443 2805 2552 2877 di·-

182 2908 188 2921 *
322 2909 492 2981 vinis
546 2933 816 3005 operam
867 2908 1061 2999 dant,
1134 2910 1193 2980 si
1255 2910 1510 3004 ingenti
1575 2917 1894 3005 apparatu
1962 2908 2308 2980 sollemnia
2357 2931 2549 2979 sacra

319 3011 675 3102 instruunt,
730 3035 809 3082 eo
861 3035 990 3082 non
1045 3011 1253 3105 magis
1306 3012 1589 3107 aliquam
1624 3006 2038 3082 sanctitatem
2074 3008 2545 3098 demonstrant,

321 3136 512 3208 quam
564 3113 676 3209 qui
728 3111 1081 3201 credendo,
1139 3111 1409 3199 orando,
1465 3111 1897 3184 caerimonias
1946 3109 2380 3200 observando,
2434 3134 2546 3180 re-

208 3282 221 3294 ,
318 3214 605 3309 ligioues
656 3237 809 3287 suas
864 3213 1154 3284 barbaris
1208 3212 1654 3303 obtrudendo,
1729 3211 2041 3307 quidquid
2092 3210 2387 3306 improbe
2440 3210 2544 3281 fa·-

319 3316 524 3406 ciant,
576 3317 914 3412 expiatum
964 3315 1049 3386 iri
1103 3315 1488 3411 opinanturx
1544 3338 1709 3409 quae
1745 3314 1963 3385 omnia
2004 3312 2299 3383 nonnulli
2339 3319 2540 3404 metu,

315 3416 507 3488 multi
556 3417 943 3514 prudentia,
1009 3417 1310 3513 plerique
1361 3415 1873 3505 consuetudine,
1934 3413 2194 3509 quidam
2246 3420 2543 3484 ostenta-

315 3518 537 3608 tiene,
616 3520 814 3616 pauci
877 3542 964 3589 ex
1015 3519 1228 3589 animo
1280 3517 1553 3589 faciunt.
1666 3514 1750 3587 In
1816 3515 2104 3587 moribus
2166 3514 2387 3610 posita
2437 3522 2543 3587 est

315 3621 672 3711 sanctitas,
750 3644 1023 3716 quorum
1074 3645 1206 3692 non
1258 3627 1361 3691 est
1425 3620 1596 3690 seire
1665 3618 1818 3715 quid
1872 3624 2163 3689 sanctum
2215 3616 2342 3706 sit,
2418 3615 2539 3688 sed

313 3722 684 3794 reverentia
735 3722 1203 3803 sanctimoniae
1237 3722 1590 3793 abhorrere
1632 3744 1674 3790 a
1701 3720 2047 3816 pravitate,
2100 3717 2373 3813 ipsaque
2414 3741 2540 3788 na-

282 3831 462 3895 *tura
527 3823 700 3920 quod
774 3848 991 3895 verum
1056 3831 1124 3896 et
1185 3824 1423 3894 bonum
1487 3830 1554 3894 et
1605 3822 1914 3894 decorum
1964 3827 2066 3890 est
2115 3827 2189 3889 ut
2240 3827 2538 3891 sanctum
2626 3886 2633 3901 ,

315 3932 508 4020 atque
557 3925 938 3998 inviolabile
991 3925 1352 4020 suspicere.
1455 3920 1631 4015 Quid
1699 3947 1856 3995 vero
1920 3946 2093 3992 nunc
2144 3930 2248 3992 est
2261 3954 2292 4011 ‚·
2358 3921 2535 4016 quod

314 4051 638 4100 eonseusu
686 4028 769 4098 ab
822 4027 1118 4099 omnibus
1169 4035 1363 4121 atque
1415 4049 1503 4097 ex
1553 4025 1769 4096 animo
1822 4032 2118 4094 sanctum
2166 4014 2537 4093 habeatur?

312 4152 465 4199 uum
515 4122 812 4225 religio?
891 4153 1047 4200 num
1109 4127 1280 4199 fides
1347 4135 1414 4199 et
1477 4118 1980 4197 iusiurandum?
2048 4148 2203 4194 num
2264 4115 2536 4218 patria?

310 4252 462 4301 num
528 4230 831 4303 instituta
880 4223 1252 4302 maiorum?
1321 4254 1472 4300 num
1525 4228 1833 4299 maiestas
1882 4218 2125 4322 regia?
2185 4248 2341 4296 num
2390 4248 2536 4295 ma-
2665 4274 2677 4304 .

313 4331 709 4427 gistratum
757 4333 1116 4406 auctoritas
1133 4324 1173 4405 Ρ
1247 4356 1401 4404 num
1438 4330 1777 4403 'nobilitas
1825 4319 2143 4425 generis?
2218 4350 2369 4398 uum
2418 4350 2535 4398 re-
