3192 4992
654 383 780 453 164
1212 380 1805 445 ΕΜΕΝΒΔΤΙΟΝΕὸ
1843 379 2320 444 PmDAchE.

649 550 700 649 ἢ
749 549 1100 650 διψῶσαν
1151 546 1360 644 ᾠδὴν
1406 555 1515 643 τῷ
1553 545 1799 621 θέλειν
1847 544 2117 640 ὑμνεῖν
2163 543 2363 638 ὑμᾶς
2411 537 2722 641 πράσσει
2769 570 2878 625 τις

653 651 781 749 ἐμὲ
830 651 957 726 καὶ
1008 647 1407 751 ἀναγκάζει
1470 651 1576 722 ἔτι
1637 655 1858 723 τοῦτο
1904 646 2300 740 ὑπομεῖναι
2348 642 2474 719 καὶ
2524 666 2880 742 συμπερι-

658 755 917 851 λαβεῖν
965 751 1103 849 τὴν
1150 760 1308 827 τῶν
1356 746 1753 852 προγόνων
1800 747 2021 842 ὑμῶν
2085 744 2337 832 δόξαν.
2454 745 2607 820 Non
2657 753 2880 843 potest

655 858 822 929 haec
871 855 1315 928 consideranti
1367 854 1632 925 dubium
1680 875 1856 944 esse,
1906 850 2154 948 legisse
2202 851 2393 921 illum
2443 848 2542 921 sic
2591 849 2911 944 scriptos'

656 958 780 1030 hos
833 981 1098 1029 versus:
1336 1021 1345 1040 ,
2732 957 2749 966 ”
2874 949 2880 958 ’

1261 1053 1384 1150 ἐμὲ
1436 1052 1509 1128 (5⁰
1572 1046 1685 1128 ὧν
1730 1078 1842 1136 τις
1889 1049 2161 1127 ἀοιδὰν

857 1152 1124 1256 διψάδ
1188 1152 1618 1253 ἀκειόμενον
1666 1152 1978 1251 πράσσει
2018 1151 2234 1251 χρέος
2284 1143 2493 1235 αὖτις
2541 1151 2812 1254 ἐγεῖραι

855 1257 982 1333 καὶ
1031 1257 1357 1368 παλαιὰν
1406 1252 1638 1341 δόξαν
1689 1258 1835 1332 ἑῶν
1883 1251 2297 1357 προγόνων.

562 1407 602 1478 l
616 1409 789 1486 lMe
839 1409 1168 1512 quidem,
1219 1410 1457 1506 inquit,
1510 1420 1633 1483 eet
1677 1411 1817 1511 qui
1846 1418 2089 1508 cogat
2123 1408 2487 1480 excitare
2517 1400 2876 1491 debitum,

654 1511 1030 1587 medelam
1082 1515 1517 1585 allaturum
1566 1513 1863 1584 sitienti
1906 1509 2251 1583 carmini
2260 1533 2305 1598 ,·
2348 1518 2427 1580 et
2473 1508 2881 1608 antiquam

655 1640 974 1688 suorum
1005 1614 1325 1710 santam
1367 1614 1771 1686 maiorum.
1856 1608 2165 1685 Ἀοιὸὰν
2203 1604 2498 1706 διψάδα
2540 1609 2704 1681 dicit
2731 1632 2882 1680 car·-

654 1741 830 1806 men,
896 1715 1068 1812 quod
1122 1716 1344 1812 cupiat
1394 1724 1462 1786 et
1513 1715 1703 1810 quasi
1753 1713 1935 1785 sitiat
1984 1713 2177 1810 plura
2228 1735 2462 1783 canere
2514 1710 2594 1782 de
2648 1733 2729 1781 ea
2776 1734 2877 1798 re,

655 1817 728 1888 in
779 1842 907 1914 qua
955 1826 1282 1889 versatur.
1400 1816 1565 1907 Quis
1634 1823 1737 1887 est
1789 1823 2044 1905 autem,
2119 1813 2231 1909 qui
2293 1810 2405 1895 τὶς
2455 1805 2881 1909 appellatur?

656 1916 910 2016 Nempe
959 1918 1104 2016 ipse
1137 1917 1619 2008 Telesicrates,
1674 1917 1865 2014 quem
1894 1916 2025 1987 hoc
2055 1915 2469 2011 pronomine,
2524 1939 2653 2009 quo
2680 1919 2881 1983 utun-

656 2027 767 2091 tur
816 2020 930 2116 qui
980 2021 1265 2116 aliquem
1314 2018 1696 2091 nominatim
1750 2017 1968 2089 dicere
2022 2018 2279 2108 nolunt,
2333 2016 2660 2111 designat.
2742 2012 2881 2086 Gur

657 2145 815 2192 vero
880 2121 1216 2193 nominare
1280 2146 1415 2193 non
1466 2113 1664 2191 vult?
1777 2117 2032 2216 Nempe
2101 2119 2253 2213 quia
2316 2117 2601 2190 nondum
2662 2116 2880 2213 palam

656 2221 878 2295 factus
922 2230 1026 2294 est
1077 2248 1260 2294 amor
1308 2220 1792 2311 Telesicratis,
1865 2220 1972 2293 cui
2023 2220 2286 2292 felicem
2335 2243 2708 2291 successum
2761 2242 2880 2288 au-

657 2325 882 2420 gurari
937 2325 1074 2395 vult
1124 2325 1246 2395 illo
1296 2322 1679 2397 Alexidami
1729 2323 2070 2420 exemplo.

1440 2575 1891 2649 ΡῩΤΗ.
1990 2572 2098 2646 Χ.

855 2724 942 2796 In
992 2725 1245 2798 decimo
1300 2726 1585 2797 carmine
1619 2727 1750 2797 tria
1793 2725 2083 2797 editores
2116 2726 2448 2816 laqlerunt
2475 2725 2662 2816 vitia,
2716 2749 2880 2821 quo-

656 2851 800 2898 rum
848 2851 981 2898 uno
1033 2826 1102 2896 in
1154 2838 1427 2897 metrum
1479 2835 1832 2924 peccatur,
1908 2850 2035 2922 quo
2087 2828 2156 2898 in
2206 2850 2450 2922 genere
2503 2828 2699 2899 etiam
2750 2827 2880 2896 alia

549 2929 556 2935 ’
659 2928 973 3024 quaedam
1044 2928 1437 3024 corrigenda
1502 2937 1691 3016 sunt3
1760 2929 1972 3000 altero
2040 2927 2156 2999 lex
2221 2928 2506 2999 violatur
2571 2927 2879 2999 dictionis

653 3030 995 3126 poeticae3
1062 3030 1261 3101 tertio
1315 3039 1384 3102 et
1432 3053 1591 3102 usus
1643 3029 1956 3125 loquendi
2022 3038 2090 3101 et
2122 3024 2464 3101 'sententia
2515 3029 2921 3126 corrumpi--

656 3139 793 3202 tur.
897 3131 1193 3202 Metram
1243 3131 1529 3204 laeditur
1578 3156 1645 3202 v.
1698 3135 1781 3205 8.
1829 3132 2023 3229 (12.)
2076 3132 2189 3202 ubi
2240 3131 2556 3229 scriptum
2609 3139 2751 3203 est:

910 3287 1206 3379 στρατῷ
1269 3273 1364 3355 ‘t'⁸
1415 3278 1932 3381 ἀμφικτιόνων
1997 3280 2037 3356 ὃ
2102 3277 2586 3381 Παρνάσσιος
2648 3279 2880 3357 αὐτὸν

1964 3379 2221 3478 μυχός.

654 3482 738 3556 Id
790 3484 1150 3581 scripserat
1195 3483 1524 3558 Pindarus
1544 3513 1566 3556 ε

912 3641 1206 3732 στρατῷ
1284 3631 1768 3733 περικτιόνων
1829 3632 1951 3710 &s
1997 3634 2036 3708 ὃ
2104 3634 2587 3734 Παρνάσσιος
2648 3635 2880 3713 αὐτὸν

1969 3734 2225 3833 μυχός.

659 3886 891 3959 Dictio
953 3888 1217 3984 poetica
1280 3896 1497 3979 autem
1558 3912 1693 3960 non
1757 3888 1890 3961 fert
1958 3889 2307 3962 articulum
2371 3915 2435 3962 v.
2487 3892 2614 3966 57.
2681 3890 2876 3987 (88.)

658 3986 794 4063 τὸν
832 3985 1271 4065 Ἱπποκλέαν.
1373 3989 1483 4061 Ibi
1521 3988 1942 4065 Ἱπποκλέαν
2005 3990 2247 4064 editum
2311 4017 2400 4065 ex
2446 3991 2879 4072 Ritterslmsii

648 4097 735 4162 'et
784 4086 1109 4163 Schmidii
1160 4093 1610 4184 correctione,
1680 4117 1877 4189 quum
1925 4092 2080 4165 libri
2131 4094 2575 4166 consentirent
2622 4094 2693 4174 in
2735 4092 2878 4167 Ἱπ-

665 4188 952 4288 ποκλέᾳ.
1072 4192 1140 4265 N
1141 4219 1230 4294 on
1290 4194 1567 4266 debebat
1627 4194 1794 4266 haec
1857 4195 2187 4292 scriptura
2228 4205 2472 4268 temere
2525 4197 2877 4283 contemni,
2922 4255 2929 4262 t

669 4317 834 4389 quae
898 4292 1029 4366 nisi
1092 4318 1197 4366 me
1249 4296 1628 4368 coniectura
1675 4295 1850 4368 fallit
1864 4347 1890 4387 ,
1962 4296 2270 4394 proxime
2321 4319 2545 4369 verum
2595 4296 2876 4370 accedit.

668 4395 792 4467 Sic
841 4396 1013 4467 enim
1064 4396 1391 4469 scribendi
1440 4397 1553 4468 isti
1607 4422 1835 4471 versus
1888 4398 2222 4471 videntur:
2722 4417 2757 4460 ο
