3192 4992
1848 239 1888 268 N

378 363 401 404 .
868 287 985 402 nn
1010 334 1387 410 mcum
1422 337 2001 406 Psrcnosnsu.
2416 336 2544 410 m

317 502 644 588 δίσκους.
747 499 890 598 τὴν
948 495 1318 627 κόσμησιν
1375 500 1517 632 τὴν
1577 500 1774 579 κατὰ
1834 500 1923 580 τὸ
1982 502 2326 602 μετωπον
2383 512 2546 586 τῶν

309 607 586 682 ἵππων.
663 601 712 701 ἢ
759 600 856 680 τὰ
903 598 1230 705 γνάθων
1277 600 1785 700 σκεπάσματα.

476 706 743 780 ·Mnlto
788 706 1008 802 magis
1057 706 1223 784 mira
1272 717 1470 804 atque
1507 706 1923 782 incredibilia
1952 717 2179 780 narrat
2209 705 2547 782 Welcke-

312 769 467 901 rus,
532 833 730 905 quum
780 805 1101 880 describit
1146 813 1389 884 statum
1441 815 1509 881 et
1558 818 1806 905 gestus
1839 807 2325 901 dimicantium,
2377 833 2546 905 qnae

310 910 663 1007 praeteriri
713 910 924 984 satius
974 918 1103 982 est.
1217 906 1302 981 In
1353 910 1530 982 vasis
1591 910 1872 1007 aliisque
1935 909 2262 984 artificum
2311 933 2548 986 mouu-

311 1011 550 1085 mentis
602 1012 663 1083 si
713 1010 880 1107 picti
929 1016 1083 1082 sunt
1130 1018 1501 1107 pugnantes
1549 1010 1871 1085 Memnon
1920 1019 1991 1085 et
2027 1010 2359 1103 Achiuos,
2410 1035 2548 1088 m

293 1112 612 1288 -zetlliufftur
675 1135 1007 1284 ιιιιςὲιξεεο
1022 1135 1178 1285 ἆορ
1240 1111 1312 1285 ifi-
1362 1136 1601 1203 scena,
1681 1112 1832 1231 dnm
1899 1112 2218 1285 deflexitn
2280 1134 2543 1209 pugnae

309 1223 942 1412 vgrbignlffillintuntui·
963 1339 985 1384 ε
1036 1221 2544 1411 ιιῖιῖιιειιιιοιξωηῗιῗοὲιιιᾞξοξξὸιι]διῃὲιεζῖθιιιιῗιῖ

308 1424 455 1492 arto
538 1417 760 1513 potius
810 1437 1026 1513 ,qnam
1090 1438 1213 1488 sna
1274 1439 1686 1489 commovere
1750 1439 1826 1490 se
1892 1414 2144 1488 animos
2208 1416 2543 1490 bominum

306 1541 512 1616 posse
563 1524 935 1616 sperarent.
1048 1514 1421 1612 Aeschylos
1487 1517 1750 1614 quidem
1798 1517 1964 1589 bene
2013 1516 2302 1609 sciebat,
2373 1539 2546 1614 quae

162 1629 167 1640 '
307 1619 720 1694 referrentur
768 1619 851 1690 ab
900 1616 1160 1691 nunciis
1207 1618 1414 1692 multo
1458 1618 1798 1692 efficacius
1827 1616 2351 1709 admirationem,
2402 1641 2546 1691 me·-
2695 1639 2700 1645 ·

309 1728 475 1811 tum,
528 1720 871 1794 borrorem
906 1719 1230 1811 excitare,
1282 1742 1471 1817 quam
1525 1742 1694 1816 qnae
1729 1720 1942 1793 oculis
1974 1718 2335 1817 spectanda
2383 1718 2562 1806 sub-‚

308 1822 697 1900 iicerentnr.
774 1818 1035 1918 ,Itaque
1097 1844 1182 1893 ne
1231 1820 1504 1893 Aiacem
1571 1819 1833 1917 quidem
1880 1821 1953 1892 in
2002 1844 2202 1895 scena
2249 1820 2546 1896 morien-

310 1931 444 1997 tem
494 1923 682 2013 fecit,
730 1921 911 2019 ‚qnod
959 1930 1193 2017 postea
1241 1947 1372 1995 non
1422 1922 1610 2020 prins
1667 1922 1805 1995 viso
1855 1930 2100 1998 conatu
2147 1922 2369 1996 facere
2419 1943 2545 1994 au-

311 2049 427 2100 sus
492 2033 595 2096 est
643 2021 1062 2120 Sophocles·
1134 2022 1217 2095 de
1280 2047 1412 2120 quo
1479 2023 1652 2098 dixit
1716 2023 2111 2098 scholiastes
2169 2022 2259 2102 ad
2307 2022 2544 2098 Aiacis
2586 2102 2589 2105 ,

309 2149 379 2199 v.
429 2126 607 2202 815.
706 2127 804 2198 At
849 2123 921 2196 in
970 2122 1442 2220 Psycbostasia
1490 2133 1751 2217 tamen,
1819 2125 2090 2199 obiiciat
2138 2124 2422 2220 aliquis,
2470 2124 2548 2200 in
2716 2129 2726 2147 ¹

310 2233 738 2324 conspectum
787 2223 1107 2323 produxit
1152 2224 1552 2320 Aeschylus,
1605 2224 1781 2323 quod
1832 2225 1947 2298 vix
1997 2224 2339 2323 quisquam
2392 2224 2548 2322 opi-

310 2336 506 2401 natus
556 2333 762 2418 esset,
814 2324 977 2398 deos
1012 2326 1264 2404 animas
1300 2326 1572 2398 heroum
1614 2325 2082 2422 ponderantes.
2183 2323 2541 2398 Profecto·

311 2452 541 2501 verum
588 2450 723 2500 non
771 2433 848 2499 ut
897 2433 1320 2499 cernerentur
1366 2433 1648 2519 tantum,
1700 2426 1821 2499 sed
1867 2434 1946 2499 ιιι
1993 2426 2191 2500 etiam
2233 2425 2546 2499 audiren-

311 2538 449 2604 tur.
564 2527 703 2601 Hic
765 2551 926 2599 vero
990 2527 1390 2600 contrarium
1453 2550 1534 2600 ac
1596 2550 1802 2625 supra
1860 2527 2024 2601 facit
2086 2526 2541 2600 Welckerus.

313 2637 519 2728 negat
567 2653 641 2703 se
692 2627 966 2708 credere
1031 2627 1193 2701 deos
1256 2627 1328 2701 in
1378 2627 1629 2702 summo
1694 2652 1933 2702 scenae
1981 2629 2136 2703 loco
2189 2629 2389 2702 verba
2437 2629 2646 2705 ιιι-10

316 2733 517 2820 cisse,
569 2739 640 2803 et
689 2730 1055 2802 certissime
1104 2754 1237 2802 non
1264 2726 1520 2821 Iovem,
1573 2754 1617 2802 a
1665 2729 1852 2803 cuius
1892 2729 1962 2802 id
2005 2730 2349 2803 maiestate
2376 2729 2549 2803 alie-

314 2858 468 2907 num
520 2831 806 2922 indicat,
857 2831 1021 2904 satis
1070 2829 1276 2903 fuisse
1328 2839 1525 2928 gestu
1573 2831 1757 2905 deas
1773 2832 2226 2929 supplicantes
2259 2830 2548 2906 ostendi.

317 2934 542 3031 Negat
588 2957 781 3029 ergo,
832 2931 1009 3029 quod
1056 2939 1367 3008 testatum
1415 2940 1522 3006 est
1570 2956 1614 3005 a
1660 2930 1942 3006 Polluce
1956 2933 2164 3052 &¹1⁸³
2211 2932 2327 3004 ubi
2377 2954 2550 3030 quae

317 3035 499 3110 facta
547 3045 701 3110 sunt
748 3034 982 3124 refert,
1044 3033 1349 3129 quoniam
1397 3057 1480 3106 ea
1526 3056 1663 3106 non
1712 3033 1929 3151 potuit
1975 3032 2107 3106 nisi
2155 3034 2239 3106 ab
2286 3031 2549 3108 idoneis

318 3138 697 3211 auctoribus
746 3136 1092 3231 accipere,
1163 3158 1293 3208 non
1358 3142 1465 3206 est
1533 3133 1783 3206 erroris
1832 3142 2212 3261 suspectus.
2326 3132 2403 3206 Is
2450 3134 2551 3208 ita

320 3239 556 3313 scribit
603 3234 973 3312 lv.130.
1035 3231 1183 3309 ἀπὸ
1246 3229 1330 3308 δὲ
1379 3240 1518 3310 τοῦ
1565 3231 2036 3361 θεολυγιίου,
2098 3235 2315 3318 ὄντος
2359 3230 2548 3362 ὕπερ

316 3338 460 3436 τὴν
511 3334 826 3435 σκηνήν,
897 3339 981 3412 ἐν
1041 3334 1217 3434 ὕψει
1268 3332 1785 3434 ἐπιφαίνονται
1834 3333 2042 3428 θεοί,
2114 3333 2219 3421 ὥς
2265 3332 2306 3410 ὅ
2349 3332 2551 3419 Ζεὺς
2680 3425 2685 3432 0

321 3439 451 3518 καὶ
499 3439 569 3514 οἱ
619 3439 785 3537 περὶ
834 3436 1069 3515 αὐτὸν
1117 3439 1200 3513 ἐν
1241 3435 1734 3535 Ψυχοστασίᾳ.
1838 3438 1971 3531 Qui
2022 3439 2188 3514 baec
2216 3460 2371 3510 vera
2396 3460 2547 3510 esse
2615 3501 2624 3510 .

323 3566 461 3616 non
510 3540 763 3634 credit,
831 3539 1282 3633 Welckerus,
1343 3540 1412 3611 in
1463 3546 1706 3614 terram
1757 3539 1840 3612 de
1890 3541 2076 3613 caelo
2129 3535 2551 3616 descendisse

326 3643 491 3717 deos
541 3651 732 3739 putet
778 3665 1051 3715 necesse
1102 3651 1227 3717 est.
1341 3639 1498 3715 Hoc
1546 3666 1706 3714 vero
1754 3640 1844 3713 mi
2040 3650 2174 3720 est.
2192 3654 2389 3737 atque
2438 3641 2551 3714 in-

327 3744 645 3819 credibile
661 3795 687 3836 ,
758 3744 1010 3816 caelum
1076 3750 1145 3816 et
1207 3765 1374 3839 quae
1434 3743 1509 3815 in
1570 3742 1846 3816 caelo
1964 3766 2001 3816 r
2064 3742 2227 3816 deos
2289 3741 2550 3844 agenda

329 3854 544 3938 eraut,
597 3853 667 3919 et
674 3844 888 3964 ‘apud
935 3843 1323 3935 Homerum,
1374 3844 1486 3940 qui
1535 3867 1618 3918 ea
1665 3844 1974 3941 praeivit,
2021 3843 2094 3917 in
2143 3843 2334 3917 caelo
2382 3863 2550 3940 age-

328 3947 605 4040 bantur,
671 3946 741 4019 in
805 3956 1046 4020 terram
1110 3952 1180 4018 et
1226 3944 1443 4020 media
1503 3946 1683 4017 inter
1730 3945 2059 4020 bominum
2108 3945 2379 4043 negotia
2426 3945 2550 4020 ‹le-

328 4048 546 4124 trudi·
613 4047 845 4124 eodem
893 4047 1067 4122 enim
1113 4044 1185 4118 in
1232 4046 1388 4120 loco
1430 4045 1627 4122 simul
1660 4047 1941 4144 pugnari
1972 4055 2184 4165 putat.
2283 4045 2550 4122 Permi-

330 4171 480 4224 rum
526 4158 667 4243 est,
734 4147 909 4246 quod
968 4149 1109 4239 ait,
1175 4170 1462 4244 pugnam
1524 4147 2011 4245 mpraesentnri
2057 4149 2360 4246 potuine
2402 4147 2550 4220 sine

331 4250 466 4369 iis,
519 4273 685 4347 qnae
732 4250 807 4323 in
853 4250 992 4323 alto
1043 4256 1433 4346 agerentur,
1497 4273 1631 4322 non
1679 4249 1978 4346 potuisse
2025 4259 2246 4326 autem
2292 4246 2551 4346 ponde-

332 4350 473 4442 rari
519 4351 768 4425 animas
816 4352 960 4425 siue
1007 4373 1260 4450 pugna.
1375 4348 1547 4426 Nam
1609 4358 1686 4428 ut
1746 4358 2000 4428 noem
2058 4376 2195 4436 non
2242 4348 2548 4428 ‹leb-im
