3192 4992
790 341 795 354 ’
920 353 1510 414 EMENDATIONES
1550 354 2022 416 PlNDARICAE.
2049 391 2071 400 -
2322 305 2329 314 =
2460 354 2585 422 149

363 532 612 593 temes
672 515 889 619 quod
924 521 1293 617 sagittati
1335 529 1534 593 tecto
1582 519 1976 594 Parnasia
2038 516 2578 612 submiserunt,

359 619 565 693 illud
601 645 756 693 uno
806 623 1025 719 ligno
1077 632 1443 695 constans
1456 674 1481 713 ,
1532 634 1831 696 natum.
1931 621 2339 718 Improbavit
2359 647 2364 654 ·
2386 624 2576 716 haec,

351 746 564 816 neque
613 721 894 812 iniuria,
945 723 1395 795 Ahlwardtus.
1496 720 1669 795 Nam
1722 720 1966 819 φυτὸν
2012 725 2144 796 isto
2198 724 2576 820 significatu

356 821 486 893 dici
545 823 730 894 nullo
797 823 990 895 modo
1057 825 1313 920 potuit:
1397 824 1464 895 id
1533 825 1876 904 dicendum
1928 832 2071 897 erat
2123 820 2570 922 αὐτόφυτον.

351 924 574 1013 Quare
601 965 608 969 -
640 925 897 995 sublata
959 926 1525 1022 interpunctione,
1614 949 1801 1021 quam
1872 926 2098 1022 posuit
2159 926 2570 1020 Boeckhius,

348 1025 807 1121 coniungenda
873 1035 1060 1097 erant
1108 1025 1243 1100 τὸν
1305 1021 1782 1122 μονόδροπον
1832 1022 2095 1123 φυτόν.
2210 1025 2570 1101 Librorum

344 1127 779 1222 scripturam,
844 1126 1315 1202 καθέσσαντο
1362 1124 1838 1224 μονόδροπον
1886 1123 2170 1226 φυτόν,
2238 1153 2365 1225 ego
2419 1130 2571 1225 qui·
2670 1150 2683 1155 ·

344 1226 494 1299 dem
544 1253 677 1301 non
727 1240 1003 1325 propter
1052 1232 1243 1301 metri
1294 1232 1545 1326 legem,
1615 1230 1734 1301 sed
1797 1238 2103 1326 propter.
2135 1230 2567 1326 diligentiam,

342 1353 474 1424 qua
524 1331 597 1401 in
645 1330 776 1402 hoc
823 1342 1033 1402 metro
1084 1332 1369 1427 syllabas
1420 1332 1723 1428 aequavit
1750 1330 2105 1421 Pindarus,
2158 1332 2568 1428 repudiatam

347 1431 570 1503 velim.
688 1430 840 1503 Non
908 1434 1079 1503 enim
1144 1433 1436 1506 adducor
1496 1434 1581 1505 iis
1636 1433 2038 1528 argumentis
2053 1484 2077 1523 ,
2152 1457 2316 1528 quae
2380 1433 2569 1505 Boe-

338 1531 582 1605 ckhius
633 1534 703 1604 in
755 1533 972 1605 indice
1020 1534 1373 1606 lectionum
1426 1535 1826 1606 aestivarum
1869 1534 2024 1605 anni
2053 1537 2273 1609 1827.
2315 1534 2562 1628 attulit,

334 1641 413 1704 ut
464 1659 600 1706 non
651 1635 731 1705 ab
784 1635 1144 1730 antispasto
1201 1636 1493 1731 incipere
1546 1636 1676 1708 hoc
1725 1643 2000 1706 metrum
2053 1636 2351 1708 credam:
2424 1636 2566 1708 dis-

332 1737 724 1831 putavitque
777 1744 1007 1807 contra
1044 1736 1456 1809 Boeckhium
1498 1737 1738 1809 Herm.
1767 1736 2357 1809 Weissenbornius
2391 1737 2565 1810 scri-

331 1844 457 1932 pta
525 1838 985 1910 dissertatione
1049 1838 1131 1910 de
1187 1840 1477 1912 versibus
1542 1839 2312 1936 iambicoantispasticis,
2383 1839 2564 1912 edita
2690 1927 2696 1938 .

329 1936 619 2034 Lipsiae
670 1961 735 2010 a.
792 1941 1015 2013 1834.
1926 1939 1933 1954 Χ

286 2101 297 2112 .
542 2039 636 2111 V.
690 2041 814 2114 54.
870 2042 1062 2136 (71.)
1118 2039 1290 2136 quod
1345 2041 1507 2113 dicit
1553 2040 1932 2132 Pindarus,
1983 2035 2240 2115 πόνων
2290 2037 2363 2114 δ’
2424 2040 2561 2115 οὔ·

323 2166 440 2222 τις
491 2136 903 2238 ἀπόκλαρός
952 2144 1154 2214 ἐστιν
1203 2139 1369 2215 οὐδ’
1421 2143 1684 2230 ἔσεται,
1736 2167 1866 2214 non
1893 2149 2054 2239 puto
2091 2143 2192 2214 sic
2224 2141 2561 2238 accipien-

327 2242 483 2314 dum
538 2268 726 2335 esse,
800 2252 872 2315 ut
934 2245 1142 2313 visum
1196 2252 1300 2315 cst
1349 2243 1739 2328 Boeckliioz
1820 2256 1910 2317 ut
1958 2255 2082 2331 tu,
2155 2242 2557 2335 Carrhote,

321 2369 510 2417 aeon
538 2346 708 2418 sine
756 2340 1022 2417 labore
1072 2346 1474 2417 victoriam
1515 2347 1872 2442 parasti,
1931 2346 2048 2417 eie
2096 2367 2289 2416 sane
2336 2367 2557 2418 mmo

319 2448 779 2518 mortalium
835 2456 1091 2545 potest
1149 2440 1501 2518 laborum
1564 2446 1926 2517 immunia
1975 2467 2159 2517 esse.
2259 2442 2561 2541 Accepta

317 2556 429 2618 est
483 2548 653 2618 llaec
702 2546 1159 2642 interpretatio
1228 2546 1307 2616 ab
1360 2545 1760 2635 scholiasta,
1834 2546 1946 2641 qui
2011 2545 2315 2641 scripsit:
2381 2548 2559 2629 ἴσως

316 2644 406 2720 δὲ
460 2653 687 2720 τοῦτο
738 2645 936 2721 εἶπεν
987 2645 1088 2728 ὥς
1134 2654 1268 2719 τοῦ
1302 2641 1706 2741 Καρῥώτου
1751 2640 2195 2741 κεκμηκότος
2228 2644 2557 2744 ἀβλαβὲς

315 2748 697 2823 διασῶσαι
745 2746 831 2821 τὸ
883 2746 1109 2842 ἅρμα.
1210 2747 1307 2821 At
1371 2772 1536 2844 quae
1590 2756 1952 2843 sequuntur
1964 2798 1990 2838 ,
2064 2748 2419 2823 ostendunt
2468 2749 2553 2822 de

314 2852 517 2924 malis
585 2859 653 2923 et
702 2850 978 2922 adversa
1027 2850 1290 2921 fortuna
1327 2861 1720 2921 ‘sermonem
1772 2872 1945 2921 esse.
2046 2846 2282 2944 Itaque
2333 2848 2553 2923 faten-

316 2953 477 3025 dum
542 2954 804 3049 potiuS,
876 2952 1132 3023 nescire
1197 2976 1319 3024 nos
1385 2975 1513 3046 quo
1579 2951 1701 3021 illa
1751 2957 2075 3047 spectent.
2199 2950 2413 3040 Quum
2466 2952 2548 3024 de

319 3052 657 3128 Carrhoto
689 3053 886 3150 *dicta
936 3052 1069 3124 sint
1120 3077 1284 3147 quae
1335 3052 1762 3148 praecedunt,
1817 3052 1971 3123 huic
2004 3050 2252 3146 aliquid
2287 3051 2548 3125 adversi

313 3156 643 3229 acciderit
693 3163 993 3251 oportett
1048 3152 1221 3249 quod
1272 3154 1334 3225 si
1372 3155 1458 3245 is,
1510 3162 1585 3224 ut
1622 3153 1880 3248 quidam
1915 3151 2089 3248 apud
2123 3149 2546 3227 scholiastam

311 3257 397 3329 ad
458 3282 528 3329 v.
583 3259 708 3330 33.
759 3264 1143 3346 narrarunt,
1208 3278 1401 3326 socer
1463 3255 1588 3326 fuit
1636 3253 2009 3345 Arcesilai,
2077 3278 2207 3325 non
2259 3254 2540 3327 alienum

309 3367 464 3431 erat
517 3358 691 3454 quod
743 3359 806 3428 ei
856 3357 1106 3429 accidit
1148 3379 1189 3426 a
1235 3356 1651 3429 Battidarum
1699 3356 2002 3444 fortuna,
2054 3363 2130 3425 ut
2178 3362 2361 3427 recte
2409 3355 2543 3428 iam

308 3460 394 3533 de
445 3460 642 3532 Batti
705 3467 904 3555 gente
967 3459 1188 3529 dicere
1237 3466 1438 3555 poeta
1488 3457 1805 3554 potuerit.
1907 3454 2048 3530 Sed
2097 3456 2167 3528 id
2219 3455 2541 3552 singulari

305 3570 462 3635 arte
514 3562 699 3651 fecit,
751 3568 997 3632 mutata
1045 3559 1304 3656 vulgari
1353 3559 1549 3650 fama,
1604 3583 1769 3655 quae
1821 3581 1862 3629 a
1889 3556 2222 3629 Pausania
2267 3556 2373 3628 Χ.
2413 3559 2535 3651 15,

306 3665 388 3740 6.
445 3663 549 3735 sic
596 3670 938 3734 narraturz
1018 3658 1169 3734 ἐπεὶ
1229 3657 1311 3734 δὲ
1364 3659 1581 3756 ᾤκισε
1629 3654 1921 3741 Βάττος
1971 3655 2110 3753 τὴν
2155 3654 2643 3757 Κυρήνην,2θ

307 3763 598 3865 λέγεται
646 3761 772 3838 καὶ
797 3769 926 3858 τῆς
957 3768 1211 3860 φωνῆς
1234 3760 1588 3863 γενέσθαι
1616 3761 1687 3835 οἱ
1713 3755 2000 3835 τοιόνδε
2029 3762 2219 3854 ἴαμα
2236 3785 2254 3802 ·
2305 3758 2535 3837 ἐπιών

306 3873 474 3940 τῶν
521 3863 969 3963 Κυρηναίων
1029 3863 1167 3960 τὴν
1222 3859 1486 3962 χώραν
1547 3866 1667 3937 ἐνκ
1699 3867 1852 3945 τοῖς
1913 3855 2244 3955 ἐσχάτοις
2304 3863 2531 3960 αὐτῆς

309 3962 611 4063 ἐρήμοις
674 3963 1066 4063 αἰφνιδίως
1145 3966 1281 4061 (sic
1344 3965 1753 4038 scribendum
1819 3963 2076 4036 videtur
2152 3986 2255 4062 cx·
2311 3965 2525 4039 schol.

309 4067 709 4144 Callimachi
770 4068 853 4140 ad
901 4069 972 4140 h.
1021 4067 1252 4165 Apoll.
1302 4067 1465 4163 65.)
1528 4068 1823 4150 &schah
1851 4063 2148 4153 λέοντα,
2211 4063 2340 4139 καὶ
2389 4065 2526 4140 αὗ-

306 4167 450 4244 τὸν
496 4168 583 4243 τὸ
632 4168 850 4266 δεῖμα
899 4167 984 4243 τὸ
1035 4171 1115 4243 ἐκ
1161 4175 1290 4264 τῆς
1335 4166 1523 4250 θέας
1568 4169 1841 4263 βοῆσαι
1892 4162 2121 4264 σαφὲς
2157 4164 2285 4241 καὶ
2331 4164 2523 4268 μέγα

303 4267 751 4373 ἠνάγκασεν.
850 4257 1150 4344 Deflexit
1197 4271 1363 4344 haec
1408 4269 1739 4342 Pindarus
1790 4270 1923 4360 ita,
1974 4277 2086 4360 ut,
2154 4292 2346 4364 quum
2398 4269 2522 4341 ad-

309 4376 490 4447 versi
556 4374 714 4472 quid
777 4374 952 4473 quod
999 4371 1202 4447 Batto
1267 4371 1618 4446 accidisset
1666 4393 2172 4445 commemorare
2223 4368 2521 4463 deberet,
