3192 4992
562 343 688 412 138
1120 343 1715 404 EMENDATIONES
1754 340 2231 404 PINDARIC-AE.

562 513 779 587 simile
828 521 903 585 ut
950 507 1341 606 πάμπολυς
1404 511 1485 582 ab
1550 509 1842 582 librariis
1912 510 2003 582 sit
2050 510 2124 581 iu
2171 504 2427 592 πολὺς
2444 490 2790 583 mutatum.

561 613 801 688 Potius
849 614 920 686 id
971 614 1281 696 ἄσπετος
1329 613 1438 685 vel
1486 611 1794 694 ἄπλετος
1843 605 1994 685 εὖτ’
2053 607 2153 685 ἂν
2193 607 2649 707 ἐπιβρίσας
2617 613 2792 707 ε’πη-

562 742 688 790 ται
722 715 1069 833 scripsisse
1096 714 1428 787 Pindarus
1454 713 1740 807 videtur,
1785 737 1953 810 quae
1982 714 2300 785 vocabula
2337 736 2529 816 quum
2565 736 2792 809 gram·-

561 817 787 892 matici
837 841 958 913 per
1007 814 1233 899 πολὺς
1279 817 1704 912 interpretari
1748 817 2033 906 soleant,
2086 839 2220 887 non
2261 822 2385 886 est
2394 810 2786 906 mirandum,

563 919 623 990 si
671 919 970 1010 metrici,
1034 926 1382 1015 postquam
1444 918 1904 1014 interpretatio
1956 918 2281 1014 genuinae
2332 916 2517 988 vocis
2560 917 2787 989 locum

563 1020 959 1114 obtinuerat,
1007 1042 1426 1092 numerorum
1460 1042 1696 1092 caussa
1726 1019 2021 1116 ineptum
2052 1016 2298 1090 istud*
2262 1046 2343 1102 ος
2369 1017 2785 1094 addiderunt.

1150 1298 1174 1324 ·
1305 1270 1757 1343 PYTH.
1876 1269 2032 1344 IV.

760 1423 999 1515 Quarti
1049 1424 1397 1517 carminis,
1464 1424 1593 1496 etsi
1642 1423 2053 1519 longissimi,
2129 1425 2397 1520 planum
2445 1429 2665 1495 tamen
2716 1430 2787 1495 et

558 1525 844 1622 simplex
887 1534 1341 1621 argumentum
1394 1533 1551 1598 cst:
1626 1526 1940 1598 Festum
1988 1524 2228 1614 diem,
2292 1525 2544 1620 inquit,
2608 1526 2784 1596 illu-

557 1639 818 1707 strare
866 1630 1057 1716 volo,
1116 1629 1368 1700 Musis
1417 1624 1740 1700 tradem
1788 1625 2287 1699 Arcesilaum
2337 1638 2421 1700 et
2462 1624 2792 1745 escpecbi3

558 1731 839 1802 timaem
872 1727 1555 1828 Argonautarum,
1611 1751 1816 1828 quae
1850 1730 2155 1800 occasio
2184 1725 2385 1824 suit,
2437 1740 2528 1800 ut
2559 1728 2792 1826 genti

558 1832 725 1904 eius
793 1854 945 1936 per
1007 1833 1343 1904 oracula
1412 1842 1625 1903 recte
1694 1828 2050 1928 regenda
2112 1829 2445 1902 daretur
2510 1831 2788 1901 civitae

563 1929 1078 2027 Cyrenarum.
1180 1930 1293 2003 Id
1333 1956 1525 2031 ergo
1557 1928 1740 2027 fae,
1793 1930 2227 2019 Arcesilae,
2279 1932 2366 2003 in
2415 1931 2786 2027 exempla

555 2035 868 2107 intuens
930 2034 1424 2129 Minyarum,
1507 2035 2074 2131 clementerque
2139 2043 2406 2105 tracta
2459 2033 2783 2129 propin-

556 2159 772 2235 quoe,
823 2159 1257 2235 revoeaque
1308 2131 1408 2206 ab
1459 2136 1741 2208 exsilio
1786 2131 2360 2253 ΒαυιορΙιὶῖαηι,
2415 2135 2784 2231 optimum

556 2238 818 2324 civem,
861 2260 1014 2336 per
1052 2261 1174 2310 me
1212 2233 1353 2309 tibi
1387 2234 1920 2309 commendari
1958 2236 2418 2332 eapientem.
2522 2232 2664 2307 Sed
2712 2233 2786 2308 iu

552 2337 685 2411 hoc
735 2361 994 2434 quoque
1046 2340 1359 2430 carmine,
1412 2339 1597 2410 cuius
1650 2337 1965 2455 pleraque
2016 2338 2208 2409 docte
2261 2337 2597 2433 explicata
2630 2343 2784 2408 sunt

551 2462 596 2510 a
624 2437 1000 2531 Boeckhio,
1050 2441 1306 2536 aliquot
1354 2441 1489 2514 loci
1539 2448 1718 2530 sunt,
1770 2440 1883 2534 qui
1932 2463 2104 2511 nova
2146 2463 2305 2510 cura
2343 2436 2644 2535 indigere
2680 2437 2784 2508 vi·-

553 2539 854 2712 deantV.
905 2642 1030 2714 39.
1084 2642 1278 2737 (68.)
1344 2666 1477 2712 non
1527 2641 1671 2711 sine
1723 2663 1957 2711 caussa
2006 2649 2378 2736 suspectum
2429 2640 2853 2714 Boeckliiow

552 2741 682 2816 fuit
757 2738 1013 2835 ἐναλίᾳ
1097 2738 1241 2814 σὺν
1305 2738 1528 2835 ἅλμᾳ.
1666 2740 1888 2812 Nolim
1968 2749 2187 2813 tamen
2269 2752 2624 2840 propterea
2700 2744 2781 2815 ἐκ

552 2838 919 2939 δούρατος
980 2839 1277 2918 ἐναλίου
1328 2842 1570 2934 scribi,
1644 2841 1764 2914 sed
1828 2841 2092 2914 facilior
2157 2845 2541 2916 emendandi
2605 2845 2777 2916 ratio

549 2946 717 3017 haec
767 2951 910 3016 estz

750 3088 1133 3184 πεύθομαι
1182 3090 1255 3167 δ’
1316 3090 1557 3169 αυτάν
1606 3097 2330 3171 κατακλυσθεῖσαν’
2298 3124 2379 3170 εκ
2414 3090 2778 3206 δούρατος

752 3194 1055 3284 ἐναλίαν
1100 3196 1350 3291 βᾶμεν
1401 3193 1542 3268 σὺν
1594 3194 1793 3291 ἅλμᾳ

631 3343 641 3350 ·
751 3297 1058 3397 ἑσπέρας
1104 3295 1312 3399 υγρῷ
1363 3293 1655 3399 πελαγει
1709 3296 2108 3396 σπομέναν.

552 3449 774 3526 Gleba
835 3450 1049 3548 primo
1103 3449 1345 3523 dicitur
1407 3451 1486 3521 ab
1551 3451 1728 3523 unda
1795 3475 2027 3524 navem
2092 3451 2409 3525 obruente
2472 3451 2544 3524 in
2591 3476 2772 3524 mare

549 3552 832 3643 deiecta,
886 3551 1120 3623 deinde
1169 3553 1368 3624 maris
1419 3552 1625 3625 fluctu
1673 3553 1917 3625 ablata.

749 3652 850 3724 V.
901 3654 1025 3728 56.
1081 3654 1273 3749 (9.9)
1327 3653 1567 3727 Battus
1621 3655 1947 3727 coloniam
2000 3653 2238 3726 (lucere
2287 3654 2551 3727 iubetur
2598 3650 2773 3728 ,Νεί-

501 3819 504 3824 .
546 3762 703 3829 λοιο
754 3751 936 3851 πρὸς
984 3758 1157 3829 πῖον
1204 3782 1503 3852 τεμενος
1551 3753 1908 3853 Κρονίδα.
2014 3753 2182 3827 Cum
2246 3758 2604 3831 scholiasta
2651 3754 2774 3827 Ia-

546 3855 944 3948 blonskius,
969 3856 1308 3952 HeyniuS‚
1361 3857 1786 3951 BoeckhiuS,
1841 3857 2150 3930 Tafelius
2168 3910 2193 3949 ,
2243 3857 2596 3930 Dissenius
2644 3857 2770 3930 Ni-

431 4000 440 4003 ·
544 3961 683 4032 lum
732 3955 1154 4054 Κρονίδαν
1164 3960 1389 4032 vocari
1441 3960 1896 4051 erediderunt,
1965 3959 2140 4057 quod
2187 3960 2247 4031 is
2298 3961 2535 4032 fluvius
2588 3984 2770 4032 sum-

543 4086 690 4134 mus
737 4059 904 4131 deus
954 4059 1156 4131 fuerit
1204 4060 1581 4158 Aegyptiis,
1683 4061 2115 4134 Parmenonis
2164 4059 2359 4154 illud,
2409 4057 2770 4163 Αἰγύπτιε

542 4157 698 4237 Ζεῦ
746 4164 996 4249 Νεῖλε,
1063 4168 1246 4234 recte
1298 4163 1544 4236 dictum
1594 4187 1743 4236 esse
1792 4171 2016 4292 patet,
2080 4163 2253 4259 quod
2302 4164 2373 4235 id
2423 4172 2565 4256 est,
2632 4164 2772 4265 qui

543 4264 960 4365 Aegyptiis
1008 4263 1368 4364 Iuppiter
1418 4290 1524 4340 ea.
1623 4265 1718 4338 At
1767 4267 1828 4339 si
1876 4264 2066 4348 Ζεὺς
2112 4266 2246 4339 dici
2268 4265 2466 4338 Nilus
2515 4274 2764 4363 potest,

485 4393 492 4402 ·
542 4366 953 4463 ineptissime
1022 4374 1240 4438 tamen
1303 4364 1671 4466 Κρονίδης
1734 4368 2089 4444 diceretur·
2225 4368 2529 4442 Alterum
2590 4368 2762 4441 enim
