3192 4992
669 341 803 431 ‚too
1217 306 1337 403 »ε’
1361 296 1854 417 ifirronuoiro
1895 337 2353 401 eumaeo.

674 537 806 609 quo
864 509 1037 582 dixit
1084 486 1490 600 Pausanias,
1554 506 1717 593 illae
1781 530 1950 605 quae
2010 504 2488 603 iniquissimam
2553 503 2909 579 stationem

532 687 549 693 ,
676 613 1026 702 habebant,
1077 611 1208 683 hoc
1245 618 1387 702 est,
1441 609 1726 728 quinque
1775 609 2120 705 proximae
2153 607 2499 703 utrobique
2531 630 2594 678 ,ει
2642 608 2907 703 porticu

673 714 1008 810 Agnaptiz
1076 726 1242 808 quae
1293 736 1489 809 quum
1539 712 1674 803 ita,
1725 720 1801 783 ut
1848 711 1968 781 ille
2020 710 2226 783 refert
2271 720 2703 781 excurrentes
2755 717 2908 781 ante

673 827 962 889 rostrum
1012 839 1143 887 uno
1186 814 1416 886 ordine
1459 820 1865 911 exaequatae
1916 812 2332 909 proruissent
2366 810 2437 881 in
2480 810 2905 903 curriculum,

674 942 847 991 novo
913 917 1133 988 missu·
1182 915 1376 987 alteri
1440 914 1668 987 decem
1733 914 2044 1010 aurigae,
2116 913 2374 1001 initium
2425 913 2745 1008 utrimque
2795 911 2910 983 fa-

676 1021 892 1092 ciente
956 1024 1149 1089 sexto
1201 1041 1242 1088 a
1290 1017 1554 1114 porticu
1616 1016 1914 1113 Agnapti
1977 1040 2213 1106 curru,
2285 1013 2757 1109 sequebantur,
2829 1021 2908 1086 et

677 1122 778 1192 sic
838 1145 1041 1216 porro
1114 1128 1436 1215 quotquot
1506 1118 1588 1189 ad
1661 1117 2042 1189 certandum
2108 1115 2469 1187 venissent.
2583 1117 2950 1212 Apertum-

677 1230 820 1312 est,
887 1221 949 1292 si
1001 1221 1100 1292 sic
1148 1245 1280 1292 non
1346 1245 1476 1292 nno
1531 1220 1758 1291 missu·
1786 1243 2135 1290 excursum
2188 1225 2332 1309 est,
2397 1225 2582 1289 recte
2634 1226 2701 1288 et
2754 1240 2905 1288 vere

542 1318 555 1322 ’
677 1273 930 1394 dixisse
994 1321 1386 1394 Pausaniam
1456 1330 1770 1418 aequatos
1843 1328 1993 1392 ante
2058 1327 2346 1391 rostrum
2408 1318 2539 1389 iam
2611 1319 2694 1391 de
2764 1327 2908 1390 arte

676 1423 1024 1521 aurigandi
1101 1432 1169 1495 et
1230 1423 1623 1520 pernicitate
1689 1447 2004 1518 equorum
2068 1422 2241 1493 inter
2305 1443 2378 1492 se
2444 1420 2905 1492 contendisse.
2935 1480 2944 1483 ff

674 1550 875 1598 anum
941 1527 1115 1597 enim
1176 1527 1294 1596 ille
1360 1524 1628 1596 missum
1693 1523 2142 1612 describebat3
2205 1523 2367 1594 item
2419 1520 2713 1617 quamvis
2765 1544 2911 1593 ma-

677 1652 849 1725 gnus
894 1636 1218 1699 certatum
1269 1627 1559 1698 venisset
1610 1626 2069 1722 quadrigarum
2122 1648 2455 1713 numerus,
2507 1631 2722 1715 tamen
2775 1648 2912 1696 non

664 1712 966 1801 ,defuisse
1017 1730 1086 1800 ιιι
1136 1753 1267 1824 quo
1319 1736 1663 1800 currerent
1703 1728 2025 1823 spatium3
2075 1726 2358 1821 denique
2394 1698 2627 1842 quibus
2669 1724 2913 1796 adver-

676 1830 941 1902 sissima
990 1854 1136 1901 sors
1189 1828 1509 1901 cecidisse
1563 1830 1703 1899 visa
1750 1837 1954 1919 esset,
2007 1828 2289 1924 optimas
2340 1827 2661 1898 stationes
2711 1850 2914 1898 acce-

675 1931 899 2028 pisseg
983 1931 1229 2027 quibus
1282 1938 1513 2002 autem
1560 1953 1844 2019 maxime
1910 1954 2058 2001 sors
2107 1929 2419 2020 favisset,
2498 1929 2912 2025 iniquissima

675 2057 836 2105 usos
890 2056 1036 2104 esse
1088 2032 1497 2122 conditione,
1542 2056 1731 2127 quam
1785 2056 1902 2102 eos
1953 2031 2170 2127 perita
2213 2029 2662 2102 moderatione
2700 2053 2913 2125 eque-

677 2159 824 2206 rum
889 2158 1212 2230 cursuque
1279 2135 1668 2229 tempestive
1737 2131 1847 2204 vel
1909 2133 2334 2229 temperando
2403 2133 2507 2204 vel
2569 2131 2909 2204 incitando

674 2236 982 2308 debuisse
1032 2259 1486 2332 compensare.

879 2338 1235 2433 Reliquum
1286 2346 1390 2409 est
1439 2345 1513 2409 ut
1564 2337 1734 2408 alios
1786 2335 2101 2433 quosdam
2152 2361 2414 2408 errores
2446 2336 2516 2408 in
2545 2335 2912 2407 lineamen-

677 2439 768 2519 tis
834 2440 1252 2536 hippodromi
1323 2463 1363 2509 a
1427 2439 1808 2534 quibusdam
1878 2438 2235 2510 admissos
2262 2440 2494 2534 paucis
2561 2438 2908 2528 attingam.

675 2542 899 2638 Atque
949 2540 1239 2631 Hirtius,
1295 2565 1489 2636 quum
1543 2536 1879 2623 διέξοδον
1929 2539 2268 2636 quamdam
2320 2537 2448 2613 διὰ
2480 2544 2617 2611 τοῦ
2641 2533 2911 2632 χώμα-

673 2668 803 2735 τος
851 2667 890 2712 a
938 2640 1270 2712 Pausania
1323 2650 1741 2714 memoratam
1793 2641 2084 2731 videret,
2151 2640 2235 2712 ad
2286 2666 2476 2736 quam
2528 2650 2707 2712 esset
2758 2639 2911 2711 Ta·

675 2744 1023 2859 raxippus,
1076 2744 1206 2812 iter
1254 2743 1448 2833 illud,
1502 2742 1701 2813 credo
1755 2742 1928 2837 quod
1980 2744 2043 2814 ei
2081 2743 2374 2838 aequalis
2424 2742 2711 2838 partium
2745 2765 2909 2837 pro-

644 2845 899 2940 ‘portio
950 2844 1284 2940 placeret,
1351 2843 1422 2912 in
1474 2844 1756 2914 extremi
1817 2843 2235 2938 hippodromi
2293 2844 2521 2937 medio⁸
2561 2842 2909 2914 adversum

677 2954 893 3016 metae
943 2945 1126 3035 fecit,
1181 2944 1579 3042 Taraxippo
1631 2945 1701 3016 in
1751 2946 2090 3017 sinistrum
2138 2948 2314 3018 latua
2366 2947 2726 3036 translato,
2795 2944 2908 3016 ubi

676 3048 847 3118 iam*
875 3070 1044 3143 pene
1110 3044 1465 3119 ambissent
1529 3046 1680 3142 equi
1747 3055 2013 3119 metam.
2125 3047 2230 3119 At
2277 3048 2346 3118 in
2395 3047 2643 3140 dextro
2695 3047 2906 3119 latere

678 3149 928 3220 et··iter
977 3148 1145 3219 illud
1196 3157 1264 3219 et
1315 3148 1781 3245 Taraxippum
1830 3149 2036 3220 fuisse
2085 3173 2217 3221 nen
2269 3149 2486 3221 solnm
2534 3148 2905 3219 Pausanias

676 3258 1004 3340 testatur,
1075 3250 1192 3321 sed
1244 3273 1355 3321 res
1418 3252 1570 3347 ipsa
1631 3249 2061 3322 demonstrat.
2180 3248 2315 3320 Illa
2363 3251 2537 3322 enim
2583 3273 2906 3345 equorum

676 3351 1123 3449 perturbatio,
1168 3375 1357 3446 quam
1413 3361 1482 3423 et
1531 3350 1883 3448 Olympiae
1935 3361 2003 3423 et
2053 3351 2356 3446 Pythone
2408 3360 2476 3423 et
2525 3353 2596 3423 in
2646 3350 2904 3422 Isthmo

679 3462 749 3526 et
810 3451 1098 3525 Nemeae
1151 3452 1547 3550 Taraxippo
1563 3505 1587 3544 ,
1658 3462 1986 3550 tamquam
2048 3454 2292 3525 infesto
2359 3452 2615 3525 cuidam
2677 3452 2905 3548 genio,

677 3563 973 3627 veterum
1023 3554 1409 3650 superstitio
1460 3555 1815 3646 tribuebat,
1866 3556 1937 3627 ιιι
1968 3555 2138 3627 locis
2168 3555 2317 3626 istis
2349 3556 2649 3626 omnibns
2676 3554 2904 3650 paullo

679 3664 831 3727 ante
880 3655 1266 3728 amfractum
1333 3655 1415 3728 ad
1466 3657 1884 3728 remotiorem
1949 3664 2190 3728 metam
2255 3657 2614 3729 oriebatur.
2732 3653 2904 3727 Nam

679 3781 875 3853 quum
927 3758 1191 3829 omnino
1243 3757 1603 3830 alacriores
1653 3757 1822 3829 fiunt
1871 3759 2362 3854 ferocioresque
2412 3758 2566 3855 equi
2581 3808 2607 3849 ,
2662 3755 2775 3829 ubi
2824 3779 2902 3827 se

680 3882 769 3930 ex
818 3866 1002 3930 recto
1055 3883 1278 3950 cursu,
1328 3860 1721 3956 praesertim
1770 3860 2154 3957 brevissimo
2201 3860 2408 3951 flexu,
2460 3869 2642 3932 retro
2685 3865 2904 3933 actum

644 3960 764 4031 Ιιιι
813 3962 1265 4055 praesentiunt
1277 4010 1310 4059 ,c
1375 3962 1546 4058 quia
1593 3970 1662 4033 et
1709 3961 1965 4058 -pedum
2026 3962 2306 4035 fortiore
2367 3962 2518 4034 nisu
2575 3970 2649 4034 et
2696 3959 2901 4033 totius

660 4061 979 4158 corporis
1031 4060 1307 4156 quadam
1360 4063 1549 4158 quasi
1590 4064 2097 4159 conglobatione
2129 4088 2298 4161 opus
2337 4072 2468 4155 est,
2519 4071 2659 4135 tum
2693 4061 2899 4133 multo

654 4163 889 4259 magis
953 4163 1208 4233 saevire
1258 4164 1624 4262 incipiunt,
1703 4189 1901 4261 quum
1965 4166 2335 4262 coniugatis
2401 4116 2656 4237 sinistri
2711 4161 2903 4235 cohi·-

492 4264 935 4377 l4bentur,
986 4264 1347 4359 incitantur
1385 4272 1612 4339 autem
1659 4266 1926 4339 dextri.
1979 4292 2109 4363 qao
2162 4276 2231 4340 et
2269 4267 2607 4364 regiminis
2648 4272 2718 4336 et
2743 4287 2903 4336 cnr·-

652 4386 870 4451 strae
916 4350 1226 4459 dissidio,
1276 4367 1431 4443 darn
1476 4369 1615 4466 ipsi
1661 4392 1737 4440 se
1776 4370 1976 4442 simul
2014 4377 2102 4442 et
2122 4377 2364 4466 urgent
2412 4377 2482 4441 et
2501 4365 2899 4464 impediunt,
