3192 4992
1438 1357 1571 1417 nu
2497 1337 2679 1411 ’3

439 1524 1186 1642 Auscmffll
1289 1525 2452 1646 rsrcnosTAslA.
2476 1532 2576 1672 ὕ)

390 1932 577 2042 Res
642 1966 818 2038 seria
881 1972 985 2037 est
1046 1965 1458 2063 antiquitatis
1519 1969 2041 2066 pervestigatio,
2122 1993 2249 2042 nec
2312 1969 2624 2067 fingendo

388 2066 596 2142 facias
651 2074 724 2140 ut
771 2065 975 2140 suerit
1025 2066 1200 2163 quod
1251 2092 1382 2140 uon
1433 2068 1598 2161 fuit,
1667 2070 1786 2141 sed
1839 2070 1996 2166 quid
2046 2069 2289 2162 fuerit,
2356 2072 2416 2143 si
2467 2072 2622 2168 fuit,

387 2168 668 2242 testibus
733 2167 1174 2269 producendis
1255 2170 1815 2270 explorandisque
1895 2179 1998 2243 est
2069 2171 2625 2268 cognoscendum.
2763 2187 2766 2190 ’

385 2267 723 2366 Exemplo
776 2268 909 2344 sint
959 2269 1334 2341 mortiferae
1387 2281 1646 2363 sortes,
1715 2272 1949 2367 quibus
2002 2294 2197 2369 quum
2249 2272 2623 2369 Aeschylus

385 2368 668 2442 Homeri
714 2368 946 2441 Iovem
996 2379 1212 2442 utrum
1263 2371 1518 2443 Achilli
1570 2395 1654 2442 an
1705 2370 1989 2456 Hectori
2052 2372 2460 2469 pereundum
2510 2398 2626 2446 es-

388 2480 494 2544 set
542 2472 613 2544 in
664 2472 913 2543 trutina
963 2471 1441 2567 expendentem
1484 2471 1945 2565 admiraretur,
1999 2496 2142 2545 eam
2176 2475 2315 2545 rem
2357 2474 2437 2548 ad
2463 2476 2625 2568 ‚ani-

386 2597 527 2645 mas
576 2572 865 2645 Achillis
931 2581 999 2644 et
1047 2570 1427 2645 Memnonis
1491 2575 1879 2652 translatam
1943 2573 2014 2646 in
2082 2574 2408 2647 theatrum
2457 2601 2624 2673 pro-

388 2674 630 2749 ducere
681 2697 878 2745 ausus
930 2681 1059 2765 est,
1111 2673 1688 2770 tragoediamque,
1727 2676 1797 2747 in
1851 2698 1980 2771 qua
2031 2674 2112 2747 de
2163 2675 2432 2750 illorum
2484 2678 2623 2751 vita

382 2775 658 2850 heroum
693 2775 1120 2868 deliberatur,
1186 2773 1707 2870 Ψυχοστασίαν
1738 2773 2127 2873 appellavit.
2224 2773 2433 2850 Cuius
2478 2786 2628 2852 tra-
2714 2823 2741 2840 x

380 2878 663 2975 goediae
715 2885 1168 2974 argumentum
1217 2902 1346 2974 quo
1397 2877 1592 2950 modo
1646 2878 2092 2974 composuerit
2141 2885 2338 2978 atque
2369 2888 2621 2953 tracta-
2757 2921 2774 2936 ,

384 2979 596 3070 verit,
669 2979 785 3050 vix
836 2978 1065 3076 paucis
1117 2977 1583 3075 superstitibus
1637 2979 1939 3075 vestigiis
1988 2977 2165 3049 haud
2215 2979 2413 3053 facile
2469 2982 2617 3078 quis

385 3080 658 3171 dixerit,
709 3078 948 3152 nedum
998 3088 1072 3152 ut
1124 3078 1204 3150 de
1259 3079 1507 3152 duabus
1560 3078 1714 3152 aliis
1766 3103 1932 3175 quae
1986 3104 2134 3152 cum
2183 3079 2305 3151 illa
2337 3082 2618 3154 coniun-

385 3191 532 3255 ctae
582 3180 830 3254 sueriut
879 3179 1244 3278 tragoediis
1294 3181 1472 3253 aliud
1540 3204 1734 3277 quam
1793 3179 2008 3253 tenuis
2062 3180 2355 3276 suspicio
2406 3183 2617 3256 reliu-

384 3291 647 3381 quatur.
761 3281 945 3356 Illud
1010 3281 1269 3380 quidem
1335 3281 1478 3353 veri
1542 3281 1758 3355 simile
1824 3290 1970 3372 est,
2051 3290 2395 3377 sequutum
2464 3308 2613 3360 esse

336 3393 644 3486 ,poetam
696 3408 818 3477 ea,
926 3408 1051 3456 ,uae
1100 3383 1524 3478 Aethiopidis
1590 3383 1882 3476 scriptor
1929 3382 2247 3455 Arctinus
2297 3382 2612 3458 Milesius

382 3494 789 3578 narraverat.
964 3510 1000 3557 e
1053 3510 1133 3557 eo
1185 3482 1470 3557 Procius
1531 3484 1604 3557 in
1655 3484 1991 3582 excerptis
2059 3484 2614 3560 chrestomathiae

382 3586 485 3660 sic
546 3586 793 3659 refertz
856 3581 1206 3681 Ἀμαζὼν
1256 3582 1754 3662 Πενθεσίλεια
1817 3582 2306 3688 παραγίνεται
2365 3585 2614 3683 Τρωσὶ

382 3681 980 3784 συμμαχήσουσα
991 3743 1018 3776 ,
1072 3688 1343 3794 Ἄρεως
1388 3684 1531 3784 μὲν
1580 3681 1929 3789 θυγάτηρ
1948 3742 1975 3775 ,
2033 3689 2339 3783 Θρᾷσσα
2388 3684 2472 3762 δὲ
2522 3686 2611 3764 τὸ

374 3788 616 3890 γένος,
680 3786 808 3864 καὶ
855 3788 1118 3865 κτείνει
1168 3786 1405 3885 αὐτὴν
1455 3783 1997 3886 ἀριστεύουσαν
2044 3785 2434 3883 Ἀχιλλεύς.
2538 3790 2612 3865 οἱ

380 3887 464 3966 δὲ
504 3897 747 3988 Τρῶες
774 3888 1009 3985 αὐτὴν
1040 3885 1421 3968 θάπτουσι
1447 3888 1573 3965 καὶ
1608 3888 1974 3985 Ἀχιλλεὺς
2006 3888 2359 3987 Θερσίτην
2390 3890 2609 3966 ἄναι-

381 3997 518 4090 pet,
568 3988 1035 4088 λοιδορηθεὶς
1092 3989 1275 4089 πρὸς
1327 3991 1561 4067 αὐτοῦ
1622 3990 1752 4068 καὶ
1800 3987 2243 4075 ὀνειδισθεὶς
2303 3989 2438 4068 τὸν
2486 3991 2606 4068 ἐπὶ

377 4100 470 4190 τῇ
507 4091 1000 4192 Πενθεσιλείᾳ
1048 4088 1447 4197 λεγόμενον
1479 4094 1742 4196 ἔρωτα.
1842 4091 1969 4169 καὶ
2017 4094 2099 4170 ἐκ
2128 4088 2399 4172 τούτου
2426 4088 2607 4169 στά-

547 4345 1263 4431 ἽΕᾱίειεαι1838.
