3192 4992
831 333 839 344 ’
922 382 931 397 1
1003 425 1006 430 ,
1066 367 1070 376 ·
1131 361 1250 422 nn
1310 360 1758 422 ATLANTE.
2428 361 2558 430 ω

245 537 252 550 ’
339 526 745 624 antiquitatis
796 533 1162 599 commenta
1221 526 1295 599 in
1348 551 1460 599 res
1509 501 1844 603 naturales
1892 529 2369 604 ecura-teris&
2459 532 2558 606 At

341 654 531 727 quum
579 629 725 725 ipse
775 625 1038 700 fatetur
1071 637 1326 701 montes
1376 630 1714 701 columnas
1763 630 1934 700 caeli
1982 631 2162 703 visos
2212 655 2400 724 esse,
2456 634 2560 705 af-
2638 683 2643 688 -

335 734 637 848 feratque
692 729 1021 803 Aetnam
1045 753 1087 800 a
1150 728 1443 801 Pindaro
1516 727 1884 826 οὐρανίαν
1946 728 2163 805 κίονα
2231 742 2554 827 vocatam,

201 841 208 849 “
335 832 528 909 sicuti
578 825 865 904 montem
921 831 1252 903 Atlantem
1301 828 1685 904 Herodotus
1735 830 1870 904 IV.
1928 836 2099 908 184.
2163 833 2247 905 ab
2310 836 2561 908 accolis

332 933 502 1006 caeli
552 934 920 1006 columnam
972 931 1216 1004 dictum
1269 956 1415 1004 esse
1466 933 1699 1025 refert,
1751 932 1908 1029 quid
1958 959 2127 1031 opus
2176 945 2282 1008 est
2321 960 2363 1007 a
2403 937 2561 1033 plri-

328 1034 832 1189 Iosophantibus
881 1043 1150 1151 petere,
1204 1032 1380 1129 quod
1431 1043 1582 1106 aute
1635 1036 1867 1107 oculos
1918 1045 2063 1108 erat
2111 1037 2312 1109 etiam
2361 1039 2558 1110 indo-

331 1137 495 1209 ctis.
613 1133 853 1253 Immo,
907 1135 1036 1206 nisi
1086 1158 1189 1207 me
1241 1134 1415 1207 fallit
1467 1136 1730 1232 opinio,
1797 1136 1964 1207 illud
2013 1137 2230 1233 ipsum
2278 1137 2556 1211 Pindari

327 1238 596 1309 verbnm
663 1236 990 1333 originem
1052 1236 1312 1333 prodit
1337 1237 1601 1309 illarum
1666 1238 1899 1333 quibus
1965 1239 2217 1310 caelum
2284 1262 2326 1311 a
2373 1249 2553 1330 terra

327 1337 756 1412 distineretur
826 1338 1299 1411 columnarum.
1431 1336 1676 1435 Ignota
1724 1338 2032 1411 Homero
2106 1338 2347 1412 Sicilia
2411 1349 2555 1425 erut

326 1441 602 1537 eiusque
652 1464 839 1512 mons
889 1439 1297 1535 ignivomus:
1364 1440 1480 1512 sed
1535 1464 1728 1537 quum
1781 1440 1864 1512 de
1910 1441 2144 1516 vicinis
2195 1450 2408 1514 tamen
2441 1467 2602 1521 ne-

327 1536 637 1638 gionibus
689 1540 937 1636 aliquid
986 1541 1387 1613 inaudivisse
1438 1542 1764 1633 videatur,
1818 1542 1972 1638 quid
2009 1542 2390 1618 eredibilins
2421 1533 2654 1637 est,l3

328 1667 522 1740 qnam
557 1643 803 1733 Aetna,
855 1666 942 1716 ex
994 1666 1121 1739 qua
1170 1642 1383 1716 fumus
1434 1651 1760 1740 tamquam
1812 1645 2117 1718 columna
2165 1644 2247 1736 ad
2300 1645 2554 1718 caelum

327 1745 662 1841 assurgit,
744 1768 829 1816 ex
891 1744 1254 1844 longinquo
1320 1754 1677 1841 conspecta
1722 1745 2009 1841 aliquam
2072 1745 2310 1818 famam
2359 1755 2433 1821 ιιι
2481 1748 2554 1819 in
2670 1787 2675 1794 ·

328 1855 629 1918 extremo
680 1845 844 1917 mari
908 1845 1159 1918 caelum
1212 1845 1545 1917 fulcientis
1611 1847 1951 1919 columnae
2003 1871 2151 1919 esse
2202 1847 2555 1920 circumla-

326 1940 520 2021 tam?
618 1945 724 2017 Ibi
774 1971 978 2042 ergo,
1043 1947 1156 2018 ubi
1206 1948 1376 2020 tales
1428 1948 1768 2020 columnae
1819 1947 2074 2020 caelum‘
2124 1949 2550 2043 sustinerent,

325 2049 461 2146 ipsi
527 2048 705 2119 orbis
767 2057 1089 2120 terrarum
1153 2049 1420 2121 termini
1485 2073 1633 2121 esse
1697 2049 2164 2121 credebantur·
2238 2050 2320 2121 ad
2386 2075 2553 2147 quos

253 2233 273 2242 ,ι
328 2151 438 2246 qui
491 2150 903 2247 pervenisset
952 2149 1324 2221 constantia
1373 2174 1494 2222 sua
1543 2159 1615 2222 et
1663 2149 2077 2241 fortitudine,
2128 2160 2356 2224 tenere
2385 2153 2552 2225 istas

325 2253 666 2325 columnas
713 2251 1145 2323 usitatissimo
1198 2251 1378 2322 verbi
1431 2250 1808 2347 significatu
1860 2251 2221 2326 dicebatur·

528 2350 723 2424 Haec
786 2351 1047 2448 quidem
1110 2359 1243 2422 tam
1305 2352 1506 2448 plana
1569 2360 1765 2447 atque
1830 2352 2156 2447 simplicia
2218 2361 2410 2444 sunt,
2478 2362 2556 2427 ut

322 2479 460 2527 non
510 2454 814 2526 videatur
875 2452 957 2524 de
1007 2453 1285 2524 veritate
1350 2451 1545 2524 huius
1583 2452 2079 2550 explicationis
2126 2453 2554 2527 ‘dubitandum

324 2580 507 2628 esse.
607 2553 840 2650 Neque
903 2578 1060 2627 vero
1111 2553 1338 2625 mirari
1388 2539 1735 2643 debemus,
1818 2555 2344 2649 perseverantiae
2395 2579 2560 2654 pro-

236 2671 241 2678 ‘
320 2658 552 2777 posito
604 2680 725 2729 suo
776 2656 1028 2752 potitae
1078 2654 1580 2751 iactationisque
1635 2655 2067 2726 temeritatem
2119 2679 2302 2727 suam
2332 2658 2563 2754 perni-

323 2759 427 2832 cie
484 2757 730 2829 luentis
782 2756 1085 2853 exempla
1138 2779 1177 2826 a
1226 2756 1682 2850 navigantibus
1735 2780 1884 2826 esse
1934 2755 2181 2852 petita·
2246 2782 2396 2828 nam
2429 2759 2560 2830 ali-

325 2887 459 2959 quo
512 2869 728 2932 tamen
778 2857 955 2930 facto
1008 2857 1329 2929 declarari
1379 2858 1500 2928 illa
1552 2857 1877 2928 sententia
1926 2857 2228 2949 debebat,
2281 2883 2406 2931 nec
2447 2860 2567 2950 faq

324 2963 461 3036 cile
513 2962 732 3058 aptius
784 2960 1131 3056 quidquam
1182 2960 1461 3033 inveniri
1510 2966 1798 3056 poterat,
1853 2982 2042 3053 quam
2097 2959 2271 3054 quod
2325 2971 2393 3034 et
2431 2983 2557 3033 usu

322 3063 785 3161 pervulgatum
860 3070 927 3133 et
991 3061 1296 3131 maximis
1356 3085 1504 3132 enm
1573 3060 1890 3155 penculis
1971 3058 2422 3133 fortitudinem
2489 3072 2559 3135 et

328 3164 771 3238 constantiam
821 3162 950 3234 sibi
998 3160 1507 3258 postulantibus,
1557 3161 1978 3233 iactationem
2024 3170 2240 3232 autem
2273 3171 2559 3235 temera·-

324 3267 624 3362 riamque
674 3264 1010 3336 audaciam
1063 3262 1606 3359 adspernantibus
1650 3271 1829 3333 esset
1866 3261 2311 3335 coniunctum.
2412 3262 2556 3337 Sed
2686 3257 2691 3262 ⁴

328 3367 686 3465 explicatis
738 3389 904 3462 quae
952 3363 1287 3437 Homerus
1337 3373 1532 3460 atque
1565 3361 1903 3435 Hesiodus
1956 3363 2036 3434 de
2087 3338 2363 3436 Atlante
2410 3374 2554 3438 tra·-

265 3521 274 3526 ,
328 3469 681 3557 diderunt,
750 3466 1090 3539 difficilius
1155 3465 1334 3540 dictu
1377 3475 1530 3558 est,
1603 3464 1759 3560 quid
1824 3465 2109 3536 senserit
2155 3466 2552 3563 Aeschylus.
2619 3493 2624 3497 ·

326 3569 406 3643 Is
456 3568 752 3648 Atlantis
818 3568 1211 3641 mentionem
1258 3545 1421 3640 feci‘t
1466 3567 1538 3639 iu
1585 3564 1986 3641 Prometheo
2038 3564 2291 3640 duabus
2352 3568 2552 3710 locis,

327 3672 548 3769 primo
600 3693 667 3741 v.
720 3672 895 3747 347.

588 3820 679 3895 οὗ
730 3818 926 3917 δῆτ’,
979 3817 1131 3893 ἐπεί
1176 3847 1269 3914 με
1318 3816 1443 3893 καὶ
1493 3842 1662 3892 κασι
1761 3813 1941 3914 ήτου
1991 3812 2211 3914 τύχαι

583 3919 903 4018 τείρουσ’
949 3921 1375 4009 Ἄτλαντος,
1429 3919 1508 4003 ὃς
1556 3948 1656 4017 πρ
1703 3948 1739 4001 ς
1788 3915 2133 4016 ἑσπέρους
2181 3914 2451 4005 τόπους

585 4025 861 4121 ἔστηκε,
909 4020 1094 4097 κίον’
1155 4021 1481 4119 οὐρανοῦ
1529 4045 1608 4095 τε
1656 4018 1782 4096 καὶ
1825 4019 2112 4115 χθονὸς

585 4154 815 4224 ωμοις
863 4121 1192 4224 ἐρείδων,
1243 4125 1484 4219 ἄχθος
1534 4122 1672 4197 οὐκ
1718 4121 2148 4223 εὐάγκαλον.

190 4244 203 4360 ,υ
331 4275 623 4354 Videtur
685 4279 795 4353 hic
858 4302 1025 4375 quae
1088 4276 1421 4349 Homerus
1486 4300 1782 4373 quaeque
1844 4273 2184 4347 Hesiodus
2247 4273 2553 4346 dixerant
2646 4357 2655 4368 ξ

334 4381 764 4506 eoniunxisse
775 4432 804 4472 ,
876 4403 1199 4476 quumque
1248 4379 1320 4450 in
1368 4379 1651 4452 caeteris
1699 4378 1842 4450 fere
1892 4374 2258 4450 Hesiodum
2308 4397 2550 4470 seque-
