3192 4992
623 361 748 428 150
1177 356 1767 417 EMENDATIONES
1808 354 2280 417 PlNDARICAE.

621 553 752 604 nou
804 525 1195 624 praeteriret
1256 522 1518 619 quidem
1576 523 1942 620 perieulum
1993 523 2075 594 ab
2124 520 2427 594 leonibus
2471 518 2844 611 inminens,

527 637 536 646 '
622 656 749 703 nee
796 635 1071 723 negaret
1120 620 1278 721 prae
1331 649 1577 721 pavore
1632 650 1858 697 vocem
1909 624 2196 696 edidisse
2244 623 2558 712 Battum,
2620 645 2846 692 verum

624 741 843 804 tamen
891 728 960 800 id
1011 751 1141 802 non
1195 726 1448 798 diceret
1498 727 1785 819 diserte,
1844 726 1961 798 sed
2016 748 2175 797 voce
2226 747 2573 820 numquam
2623 722 2849 794 audita

622 835 807 930 ipsos
858 831 1086 902 leones
1136 828 1419 921 fingeret
1468 852 1619 901 esse
1671 829 2086 925 perterritos.

827 931 924 1002 V.
977 935 1102 1006 72.
1172 932 1364 1024 (96.)
1467 930 1660 1004 Haeo
1724 931 1825 1003 sio‘
1892 926 2416 1025 interpungenda
2481 932 2680 996 sante
2758 921 2847 997 τὸ

623 1033 698 1109 δ’
757 1030 941 1125 ἐμὸν
991 1026 1344 1131 γαρύοντ’
1398 1029 1545 1103 ἀπὸ
1583 1027 1945 1123 ,Σπάρτας
1981 1024 2347 1124 ἐπήρατον
2384 1025 2612 1114 κλέος,
2662 1023 2851 1101 ὅθεν

624 1134 1146 1237 γεγενναμένοι
1204 1133 1455 1212 ἵκοντο
1512 1128 1882 1228 Θήρανδε,
1948 1139 2189 1226 φῶτες
2236 1127 2616 1229 Αἰγεΐδαι,
2685 1124 2851 1222 ἐμοὶ

625 1236 971 1331 πατέρεςε
1039 1230 1439 1307 celebrant
1482 1233 1846 1333 Aegidae
1897 1235 2048 1327 (eos
2100 1233 2441 1327 intelligit,
2496 1232 2610 1326 qui
2658 1228 2852 1300 The-
2957 1246 2960 1250 ’

625 1361 743 1410 rae
777 1339 960 1434 sunt)
1014 1360 1342 1435 quorum
1386 1359 1590 1435 gene
1630 1338 1782 1409 mei
1810 1346 2005 1408 eunt
2032 1335 2342 1432 proavi,
2393 1356 2645 1406 meam
2681 1332 2850 1404 lau·

625 1438 801 1513 dem
852 1463 908 1510 a
953 1437 1283 1533 Sparta,
1333 1436 1545 1510 unde
1598 1436 1936 1510 Theram
1984 1458 2282 1508 venere.

830 1539 928 1611 V.
979 1541 1104 1613 76.
1173 1541 1416 1634 (102.)
1533 1537 1687 1611 Non
1750 1563 2020 1610 moveor
2084 1535 2528 1631 argumentis,
2619 1533 2852 1629 quibus

627 1641 1011 1714 Boeekhius
1062 1641 1132 1711 in
1183 1643 1359 1712 notis
1412 1641 1663 1714 criticis
1712 1665 1784 1736 p.
1812 1643 1989 1715 480.
2021 1638 2311 1709 refutare
2346 1635 2625 1726 studuit,
2680 1635 2856 1731 quod

629 1769 671 1815 a
719 1768 823 1814 me
873 1744 1188 1813 monitum
1255 1750 1437 1834 erat,
1509 1743 1865 1815 cohaerere
1898 1781 1901 1792 ¹
1933 1737 2118 1813 ἀλλὰ
2174 1733 2434 1835 Μοῖρά
2499 1765 2610 1820 τις
2674 1735 2856 1837 ἄγεν

632 1841 1065 1918 πολύθυτον
1116 1843 1385 1939 ἔρανον
1432 1838 1789 1939 Κυράνας
1837 1840 2339 1943 ἀγακτιμέναν
2388 1833 2623 1913 πόλιν.
2714 1838 2858 1911 Ne-

632 1971 758 2043 que
810 1970 967 2017 vero
1022 1969 1188 2041 opus
1241 1970 1387 2016 esse
1424 1946 1705 2036 videtur,
1755 1953 1830 2015 ut
1882 1967 2174 2032 caussas,
2231 1966 2393 2038 quas
2445 1942 2660 2037 quivis
2708 1941 2857 2038 ipse

629 2048 924 2144 reperire
975 2046 1214 2141 possit,
1268 2071 1620 2143 exponam.
1724 2044 1865 2118 Sed
1913 2044 2251 2116 Tafelium
2301 2044 2530 2134 miror,
2584 2044 2698 2139 qui
2747 2068 2860 2115 as-

631 2149 922 2221 sentiens
956 2147 1304 2226 Boeokhio
1356 2149 1456 2220 sic
1507 2149 1779 2243 scripsit
1827 2174 1897 2243 p.
1928 2148 2104 2222 797.
2215 2144 2301 2218 V
2288 2170 2477 2217 mem
2527 2168 2676 2245 ego
2721 2142 2858 2218 ad·

631 2251 921 2339 iiciam‚
975 2248 1191 2349 quod
1228 2251 1315 2322 in
1356 2248 1508 2321 leae
1552 2250 2023 2324 tractatione
2064 2249 2551 2343 potissimum
2576 2244 2857 2321 iudico.

633 2352 896 2424 Primo
963 2350 1251 2423 Noster
1313 2349 1564 2425 dimit:
1648 2351 1909 2448 Sparta.
1969 2349 2232 2422 oriundi
2294 2349 2578 2420 maiores
2646 2348 2861 2421 nostri

630 2453 932 2550 Aegidae
963 2450 1261 2524 Theram
1311 2478 1440 2524 non
1494 2445 1639 2526 sine
1691 2454 1818 2525 diis
1861 2459 2204 2524 venerunt.
2303 2450 2485 2522 Iam
2520 2451 2639 2522 ita
2681 2473 2860 2553 per·

628 2565 943 2653 gentem
974 2552 1133 2649 fae
1172 2567 1509 2649 poetam,
1565 2557 1707 2656 qai
1739 2552 2152 2646 manifesto
2187 2564 2307 2625 est
2334 2552 2860 2625 Hermannia·

634 2678 791 2727 nae
838 2651 1505 2753 interpretationis
1555 2680 1830 2728 sensns
1843 2679 1871 2725 .·
1939 2653 2057 2725 sed
2106 2653 2312 2725 fatum
2362 2653 2543 2725 istud
2591 2653 2862 2748 ἔρανον

637 2755 1017 2850 Cyrenas
1083 2753 1381 2825 deduxit.
1517 2754 1739 2843 Quae
1806 2757 1980 2855 quis
2044 2750 2450 2827 tolerabit?
2580 2755 2863 2827 Nonne
2920 2753 2927 2764 ’

628 2881 784 2955 pro
840 2856 1166 2950 Cyrenis
1216 2855 1513 2927 Theram
1576 2852 2100 2957 exspectabas
2111 2907 2135 2946 ,
2201 2858 2532 2929 monitus
2546 2909 2570 2946 ‚
2635 2858 2862 2929 immo

638 2968 962 3030 coactae
988 2958 1401 3057 particula
1441 2953 1627 3030 ἀλλά
1641 2959 1675 3029 ,ἲ
1776 2957 1961 3030 Non
2000 2960 2419 3057 perspexit
2456 2957 2606 3031 Vir
2643 2981 2864 3057 egre·

636 3062 824 3160 gius
836 3109 860 3149 ,
932 3085 1048 3130 vv.
1101 3054 1288 3131 ἀλλὰ
1332 3116 1349 3131 .
1382 3116 1400 3131 .
1458 3059 1731 3157 ἔρανον
1779 3057 2399 3133 antecedentium
2465 3060 2747 3154 (ἵκοντο
2793 3115 2811 3132 .
2838 3115 2861 3133 .

641 3162 853 3258 ἄτερ)
918 3161 1432 3233 variationem
1496 3159 1899 3261 quandam
1960 3172 2038 3234 et
2097 3163 2625 3261 repetitionem
2675 3184 2864 3253 esse,

641 3288 729 3337 eo
780 3263 1098 3335 comitio
1151 3260 1561 3352 adiectam,
1615 3273 1712 3335 at
1753 3288 1912 3336 non
1961 3266 2200 3335 semet
2242 3274 2549 3335 tantum
2592 3265 2864 3362 gravi·
2988 3351 2997 3360 N

641 3378 913 3464 terque
959 3362 1372 3436 doceretur
1387 3416 1409 3454 ‚
1476 3390 1636 3437 non
1685 3391 1881 3437 casa
1910 3361 2403 3464 fortuitoque
2450 3363 2868 3437 deductam

642 3466 1227 3565 Spartanorum
1263 3468 1648 3539 coloniam
1683 3465 2139 3555 Tlieraeam,
2190 3464 2400 3538 unde
2420 3477 2707 3539 tantae
2738 3491 2867 3540 res

636 3564 1175 3666 pependerint,
1228 3594 1334 3640 se.
1371 3569 1728 3664 Cyrenae
1775 3569 1861 3640 in
1888 3564 2150 3661 Libya
2184 3566 2544 3641 conditae
2577 3565 2895 3640 eodem-⁸

651 3692 800 3770 que
847 3671 1247 3741 translata
1291 3670 1634 3741 Carnea.
1733 3668 1903 3740 Nam
1956 3669 2037 3738 ob
2086 3669 2159 3740 id
2206 3670 2445 3765 ipsum,
2501 3670 2653 3764 quia
2701 3668 2872 3739 illud

648 3791 1143 3866 perspexeram,
1196 3770 1370 3866 quod
1421 3795 1524 3842 me
1573 3795 1708 3842 non
1754 3769 2178 3867 perspexisse
2231 3771 2417 3863 dicit,
2471 3768 2658 3843 ἀλλὰ
2685 3793 2868 3843 more

652 3870 1066 3945 Graecorum
1129 3871 1212 3942 ad
1277 3895 1729 3968 praegressam
1796 3872 2211 3967 negationem
2278 3872 2369 3947 οὐ
2430 3875 2643 3947 θεῶν
2694 3872 2868 3967 ἄτερ

650 3973 926 4062 referri,
993 3974 1088 4044 ita
1139 3974 1591 4070 coniungenda
1643 3998 1792 4045 esse
1842 3974 2042 4045 verba
2087 3975 2349 4070 monui,
2417 3974 2868 4076 contentioque

652 4075 1028 4166 etiamnum,
1078 4076 1369 4171 ineptum
1421 4099 1611 4166 esse,
1663 4075 1777 4147 ubi
1829 4073 2087 4146 Carnea
2136 4074 2395 4147 Thebis
2442 4085 2712 4173 recepta
2761 4075 2870 4164 ,di-

654 4176 931 4249 cendum
980 4184 1150 4267 erat,
1201 4175 1495 4272 Cyrenas
1545 4176 1681 4249 diei
1716 4176 1976 4248 Thebis
2010 4176 2290 4269 landari,
2340 4178 2663 4274 siquidem
2699 4176 2870 4250 Car-

655 4303 779 4352 nea
830 4276 1290 4373 n'onnyre-nis
1341 4279 1616 4351 Thebas
1682 4286 2023 4350 venerunt.
2143 4277 2292 4351 Non
2346 4279 2604 4374 videtur
2653 4278 2869 4351 Tafe-

655 4386 786 4454 lius
837 4382 1211 4478 cogitasse,
1258 4382 1502 4454 omnia
1548 4407 1682 4454 non
1732 4379 1924 4454 modo
1978 4381 2257 4477 optime,
2326 4382 2442 4453 sed
2492 4381 2864 4455 necessario
