3192 4992
622 338 750 408 ΗΒ
1057 340 1159 400 DE
1198 337 1573 398 AESCHYLI
1615 336 1992 398 TRILOGIIS
2034 334 2435 397 THEBANIS.

621 503 895 606 μικρὴν
942 504 1047 582 R.
1096 504 1244 584 Br.
1307 500 1679 600 κυκλικὴν
1712 500 2349 582 Trielm.11aeo
2395 501 2608 600 igitur
2656 527 2851 599 quum

626 611 871 686 diserte
937 632 1026 680 ex
1089 606 1344 702 cyclica
1391 601 1740 684 Thebaide
1792 605 2016 680 afferri
2066 604 2486 698 viderentur,
2562 606 2850 680 creditus

625 719 730 802 est
778 719 978 808 poeta
1030 709 1342 806 cyclicus,
1396 731 1479 779 ne
1529 707 1893 805 pugnantia
1942 730 2247 780 narrasse
2277 705 2358 779 de
2397 707 2852 780 exsecratione

623 797 953 910 putandus
1005 817 1226 902 esset,
1296 808 1510 906 primo
1574 809 1968 928 irascentem
2018 808 2257 881 fecisse
2310 806 2642 905 Oedipum
2690 833 2855 905 pro-

623 921 778 1011 pter
826 912 1137 1011 poculum
1190 909 1364 1008 quod
1416 934 1498 1006 ap
1455 909 1704 1083 pponi
1711 918 2033 1002 vetuerat,
2091 917 2326 1007 postea
2376 919 2595 982 autem
2641 910 2854 1006 magis

537 1071 547 1096 .
627 1016 828 1088 etiam
880 1019 1297 1104 commotum,
1351 1036 1482 1108 quo
1579 1011 1709 1086 sibi
1742 1035 1993 1085 coxam
2044 1036 2168 1108 pro
2217 1010 2491 1083 humero
2521 1011 2855 1084 misissent

626 1115 773 1190 filii.
877 1113 1113 1211 Itaque
1144 1112 1555 1198 Welckerus
1605 1114 1676 1185 in
1727 1112 2115 1212 Appendice
2146 1110 2504 1208 Trilogiae
2554 1138 2625 1209 p.
2683 1113 2854 1187 145.

624 1217 1037 1293 Athenaeum
1092 1215 1586 1312 vituperandum
1638 1213 1856 1306 duxit,
1910 1240 2101 1311 quem
2153 1214 2246 1286 ait
2278 1237 2624 1311 perperam
2655 1213 2858 1286 intel-

624 1319 877 1392 lexisse
930 1317 1129 1392 verba
1178 1324 1510 1444 poetae,
1530 1314 1832 1414 quodque
1898 1316 2243 1435 scripserit
2294 1312 2408 1390 ὅτι
2458 1313 2665 1411 αὐτῷ
2717 1343 2860 1390 πα-

628 1417 961 1517 ρέθηκαν
1011 1419 1412 1514 ἑκπωματα
1464 1417 1510 1494 ἃ
1565 1412 2071 1544 ἀπηγορεύκει,
2132 1418 2349 1514 ipsum
2398 1416 2704 1509 finxisse,
2755 1416 2865 1488 id-

630 1545 756 1620 que
815 1521 915 1596 vel
965 1520 1213 1622 plurali
1262 1533 1531 1598 numero
1586 1520 1892 1596 dictum
1861 1514 2261 1612 εκπιύματα
2300 1518 2609 1615 prodere,
2666 1543 2861 1614 quum

627 1632 850 1698 tamen
897 1630 1098 1722 poeta
1147 1645 1345 1694 unum
1396 1621 1589 1693 modo
1658 1621 1964 1718 poculum
2017 1620 2490 1712 nominaverit,
2562 1645 2688 1696 uec
2738 1619 2864 1692 mi-

626 1749 752 1800 uus
819 1747 1046 1800 mensa
1110 1722 1194 1793 ad
1258 1746 1397 1794 rem
1465 1723 1818 1820 pertineat.
1936 1720 2017 1793 In
2083 1722 2190 1795 his
2254 1722 2466 1818 primo
2520 1721 2866 1794 admodum

627 1823 776 1900 leve
830 1833 933 1898 est
980 1823 1152 1896 illud
1203 1834 1699 1920 argumentum,
1769 1823 1945 1920 quod
1997 1824 2077 1896 ab
2129 1846 2400 1895 numero
2458 1823 2705 1920 plurali
2755 1847 2867 1894 re·-

631 1926 912 2023 petitum
964 1933 1093 1998 est.
1197 1923 1345 2016 Quo
1398 1949 1668 2002 numero
1723 1926 1851 2000 etsi
1899 1924 2294 2002 Eustathius
2347 1949 2651 2023 quoque,
2721 1923 2868 2021 epi-

415 2111 430 2122 -
537 2021 855 2114 lotomen
897 2033 1261 2144 sequutus,
1337 2027 1586 2119 utitur,
1657 2035 1874 2104 tamen
1941 2025 2115 2123 apud
2165 2026 2578 2102 Athenaeum
2630 2025 2871 2102 dudum

635 2154 724 2204 ex
776 2127 1043 2226 optimis
1095 2126 1285 2202 libris
1338 2128 1582 2202 editum
1638 2137 1782 2204 erat
1846 2125 1948 2201 δι’
2007 2128 2314 2223 ἔκπωμα
2364 2126 2404 2201 ὃ
2458 2120 2872 2227 ἀπηγορεύ-

631 2257 761 2304 κει.
864 2224 1129 2303 Deinde
1181 2230 1328 2355 quis
1377 2254 1509 2303 non
1562 2230 1665 2303 sic
1715 2230 1941 2348 potius
1989 2229 2264 2322 iudicet,
2316 2228 2733 2303 Athenaeum
2781 2228 2873 2300 il-

633 2330 822 2403 lud‘
803 2328 842 2403 ὁ
894 2325 1378 2432 ἀπηγορεύκει
1426 2357 1562 2405 nou
1614 2333 2015 2430 scripturum
2064 2330 2299 2423 fuisse,
2351 2331 2485 2404 nisi
2533 2330 2605 2401 id
2654 2330 2879 2427 ipsum

501 2443 516 2450 ”
632 2433 912 2530 legisset
960 2434 1032 2508 in
1068 2431 1453 2519 Thebaide·
1506 2459 1629 2508 uos
1684 2443 1928 2526 autem,
1982 2434 2094 2530 qui
2143 2458 2277 2507 non
2315 2433 2598 2529 legimus
2632 2432 2875 2504 librum

638 2560 829 2634 quem
879 2559 1011 2622 non
1063 2533 1400 2625 habemus,
1455 2559 1586 2608 non
1640 2560 1839 2632 posse
1892 2536 2065 2607 scire
2119 2535 2330 2631 quid
2309 2560 2378 2606 ιιι
2423 2558 2503 2607 eo
2553 2559 2687 2608 non
2727 2533 2877 2606 fue-

635 2637 726 2708 rit
777 2611 1153 2751 scriptum?
1252 2632 1462 2708 Immo
1514 2634 1722 2708 fuisse
1775 2637 2092 2732 scriptum
2144 2637 2214 2707 in
2256 2637 2387 2708 isto
2425 2644 2729 2733 poemate
2765 2659 2875 2710 res

637 2738 787 2833 ipsa
838 2734 1122 2806 evincit.
1207 2734 1532 2832 quomodo
1603 2736 1774 2807 enim
1837 2736 2040 2810 irasci
2087 2738 2396 2891 apposito
2449 2738 2691 2834 poculo

638 2837 877 2910 tuisset
928 2833 1260 2934 Oedipus,
1312 2836 1443 2908 nisi
1494 2837 1813 2909 vetuisset
1865 2839 2144 2935 apponi.
2276 2840 2372 2914 At
2420 2847 2620 2935 negat
2669 2838 2716 2909 ἶ
2775 2838 2881 2910 el-

640 2937 880 3010 ckerus
931 2936 1358 3035 perspexisse
1409 2936 1879 3056 Athenaeum,
1933 2963 2060 3036 qua
2109 2940 2367 3014 ratione
2417 2965 2526 3012 res
2577 2941 2753 3013 inter
2803 2962 2879 3011 se
3000 2994 3006 3001 .

640 3062 850 3114 nexae
901 3037 1172 3129 fuerint,
1224 3038 1353 3110 hoc
1404 3048 1548 3131 est,
1601 3040 1880 3136 opinor,
1933 3039 2265 3139 Oedipum
2316 3040 2643 3161 gradatim
2693 3066 2881 3116 eom-

639 3140 915 3234 moveri,
970 3140 1181 3240 primo
1236 3150 1510 3237 propter
1559 3143 1896 3259 poculum,
1951 3142 2191 3218 deinde
2236 3144 2443 3240 magis
2488 3144 2687 3218 etiam
2700 3168 2881 3261 ’pro-

640 3252 791 3339 pter
842 3266 1100 3313 coxam.
1202 3239 1326 3316 Sic
1377 3243 1551 3314 enim
1602 3244 1735 3318 iam
1786 3268 1920 3318 non
1971 3269 2268 3341 pugnare
2321 3269 2544 3319 secum
2586 3246 2881 3343 scripto-

642 3370 779 3416 rem
823 3342 1191 3415 Thebaidis
1244 3350 1455 3439 putat,
1512 3345 1625 3444 qui
1675 3369 1805 3417 uno
1858 3347 2010 3418 loco
2049 3343 2381 3443 Oedipum
2432 3355 2708 3444 propter
2750 3371 2881 3444 po-

642 3446 886 3534 culum,
941 3445 1153 3516 altero
1206 3453 1479 3541 propter
1528 3470 1766 3519 coxam
1817 3456 2231 3519 exsecratum
2285 3472 2432 3519 esse
2488 3448 2666 3520 filios
2719 3472 2883 3519 nar-

642 3546 914 3620 raverit.
1016 3544 1150 3617 Est
1199 3547 1328 3618 hoc
1377 3570 1534 3618 sane
1589 3573 1717 3636 nou
1768 3548 1995 3645 inepte
2047 3550 2536 3645 excogitatum.
2603 3549 2722 3622 sed
2773 3558 2882 3621 ta·

646 3671 794 3719 men
843 3671 1241 3744 magnopere
1298 3671 1552 3739 vereor,
1609 3674 1691 3721 ne
1743 3673 1784 3720 a
1835 3674 1993 3722 vero
2046 3652 2219 3723 absit
2258 3651 2671 3748 longissime.
2750 3649 2880 3723 Ni-

649 3750 769 3820 mis
820 3749 994 3820 euim
1045 3750 1276 3821 mirum
1329 3758 1457 3841 est,
1511 3750 1711 3845 quod,
1766 3776 1961 3848 qaum
2011 3760 2079 3824 et
2123 3752 2507 3826 Athenaeus
2559 3762 2628 3826 et
2678 3753 2881 3827 scho-

647 3851 876 3924 liastes
931 3850 1244 3947 cyclicam
1280 3849 1695 3926 Thebaidem
1746 3861 2180 3946 antestentur,
2235 3862 2449 3930 tamen
2493 3854 2882 3930 Athenaeus

649 3950 817 4022 nihil
867 3949 948 4024 de
1002 3976 1211 4044 coxa,
1266 3952 1346 4024 de
1398 3954 1641 4049 poculo
1698 3963 1913 4028 autem
1966 3955 2132 4032 nihil
2181 3956 2576 4034 scholiastes
2627 3981 2884 4032 memo-

649 4060 782 4124 rat.
882 4052 1164 4126 Accedit
1232 4054 1400 4152 quod
1473 4052 1747 4127 alteram
1799 4055 1878 4131 de
1932 4058 2388 4133 exsecratione
2437 4059 2885 4134 narrationem

653 4153 804 4228 aliis
858 4177 1050 4249 quam
1102 4155 1387 4250 cyclicae
1419 4154 1754 4232 Thebaidi
1799 4159 2174 4232 auctoribus
2221 4161 2450 4236 tribuit
2483 4160 2883 4238 Eustathius
3024 4153 3035 4158 ’

652 4255 757 4326 his
811 4254 1068 4330 verbis·
1151 4255 1354 4332 ἄλλοι
1419 4254 1508 4334 δέ
1565 4285 1649 4357 γε
1712 4255 2144 4355 βρωμᾶτων
2194 4269 2425 4338 τινῶν
2466 4256 2696 4358 χαριν
2743 4258 2884 4335 τὸν

663 4353 1029 4434 Οἰδίπουν
1076 4352 1655 4457 καταράσασθαι
1693 4363 1846 4443 τοῖς
1872 4358 2148 4446 τέκνοις
2186 4358 2614 4462 ἱστόρησαν.
2678 4361 2886 4438 Hunc
2990 4383 3003 4394 ’
