3192 4992
528 380 537 387 ·
652 363 783 430 314
910 375 923 464 Q
1016 344 1024 356 ’
1287 368 1390 427 nn
1430 363 1812 427 APOLLmE
1852 367 1957 427 ET
1995 367 2254 427 num.

651 532 888 606 incutis
936 529 1343 628 rationisque
1407 539 1721 628 expertes
1783 556 1934 605 esse
1996 555 2211 629 neque
2274 553 2478 629 agere
2528 531 2874 629 quidquam

647 656 849 730 posse
902 631 1315 725 viderentur,
1381 633 1512 704 nisi
1577 657 1695 706 eos
1755 633 2039 706 humano
2089 657 2371 731 corpore
2434 633 2871 725 includerent,

649 736 855 806 radiis
904 736 971 805 in
1027 735 1306 830 sagittas
1356 734 1650 806 mutatis.
1751 734 2176 808 Accedebant
2224 734 2381 807 inde
2431 735 2605 827 alia,
2678 743 2871 831 atque

647 834 718 907 in
747 836 1064 932 Apolline
1116 835 1377 932 quidem
1428 835 1509 907 ab
1557 835 1794 908 iisdem
1842 836 2074 928 radiis,
2126 845 2202 908 ut
2241 831 2527 920 ξανθός
2563 843 2632 908 et
2656 834 2872 933 ἀκερ-

646 934 960 1033 σεκόμης
988 938 1461 1036 appellaretur,
1512 945 1588 1009 ut
1627 938 1854 1009 laurea
1888 947 2319 1010 coronaretur
2356 946 2634 1035 propter
2658 937 2872 1010 Tem-

645 1041 832 1137 picas
882 1041 1146 1127 lauros,
1206 1046 1281 1111 ut
1330 1039 1582 1111 cithara
1631 1040 2069 1112 instrueretur
2117 1040 2201 1112 ob
2239 1038 2654 1111 hilaritatem
2697 1039 2868 1111 lucis
2945 1053 2954 1060 ’

646 1142 946 1231 diurnae,
995 1141 1280 1212 fortasse
1331 1141 1527 1212 etiam
1576 1150 1855 1238 propter
1899 1163 2241 1238 paeanem,
2294 1165 2483 1238 quem
2526 1141 2702 1214 victo
2727 1140 2870 1236 Py-

642 1243 827 1316 thico
880 1244 1190 1335 dracone,
1240 1241 1312 1314 id
1363 1250 1468 1313 est
1516 1242 1828 1314 stabilitis
1878 1243 1972 1314 ibi
2021 1243 2229 1317 sacris
2274 1243 2438 1334 suis,
2490 1242 2867 1315 cecinisset.

646 1344 824 1435 Quin
884 1345 1030 1441 ipse
1081 1342 1270 1416 Deus
1335 1352 1404 1416 et
1437 1338 1817 1418 Ἀπόλλων
1866 1345 2006 1416 sive
2042 1343 2410 1418 Ἀπόλλων
2461 1352 2529 1416 et
2580 1345 2868 1439 Φοῖβος

641 1446 869 1518 nescio
921 1470 1003 1518 an
1054 1448 1266 1544 primo
1317 1469 1357 1517 a
1407 1445 1715 1541 fugandis
1763 1446 2102 1522 nocturnis
2150 1446 2443 1518 tenebris
2494 1445 2584 1519 sit
2634 1447 2867 1542 appel-

638 1548 841 1619 latus.
962 1546 1071 1619 Ita
1141 1547 1594 1643 indigenarum
1663 1548 1931 1643 ingenio
1993 1547 2336 1644 paullatim
2401 1546 2864 1619 adsuescentes

641 1648 957 1741 advenae,
1010 1658 1458 1744 exuentesque
1510 1649 1644 1721 alio
1695 1649 1846 1721 sub,
1870 1650 2056 1721 caelo
2099 1647 2545 1720 sublimiorem
2589 1650 2864 1720 orientis

545 1760 990 1948 12:333:ss
1040 1750 2411 1949 ,22315‘31‘1'33zsszss‘essz‘iessssegss‘x„
2429 1758 2864 1949 {5353ss

640 1953 922 2025 hnmana
982 1953 1195 2025 forma
1257 1953 1594 2050 praeditos
1658 1954 1953 2054 cogitare
2003 1952 2165 2025 deos
2216 1952 2588 2044 discentes,
2650 1954 2862 2050 magis

634 2054 1212 2254 ἑῗῗῗὲἓὲῗὲῖἳ,
1239 2055 1920 2255 ’,ἳῖἒξὲ“ἕιῆἒ“’ἷζῗὲ,ῗ
1971 2056 2862 2253 ξῖἶρίοῗὲηᾼῗὲἓὶἱῗέἒῖ

635 2280 960 2330 venerari.
2877 2295 2882 2302 -

832 2359 1386 2432 Adumbravimns
1450 2359 1617 2431 haec
1680 2382 1763 2431 eo
1821 2358 2141 2450 consilio,
2211 2365 2289 2430 ut
2338 2358 2854 2450 ostenderemus,

632 2487 798 2559 quac
850 2462 1042 2535 valde
1093 2461 1539 2558 discrepantia
1587 2461 2130 2556 vehementerque
2177 2460 2355 2532 inter
2384 2484 2460 2531 se
2494 2461 2856 2557 pugnantia

626 2564 713 2636 de
754 2564 1071 2661 Apolline
1120 2572 1191 2635 et
1222 2562 1444 2634 Diana
1493 2562 1864 2655 traduntur,
1918 2561 2206 2657 simplici
2256 2560 2530 2657 quadam
2583 2571 2651 2633 et
2691 2587 2856 2659 pro-

624 2665 832 2736 babili
881 2665 1139 2735 ratione
1187 2664 1284 2734 ita
1332 2686 1533 2760 posse
1584 2664 1934 2759 explicari,
1987 2672 2061 2735 ut
2113 2664 2331 2734 omnia
2360 2672 2542 2734 recte
2570 2675 2850 2760 apteque

628 2766 1049 2853 cohaereant,
1100 2787 1313 2859 neque
1367 2787 1534 2860 opus
1584 2764 1674 2834 sit
1722 2765 1842 2836 illa
1893 2764 2233 2860 ambiguae
2286 2765 2604 2837 orationis
2658 2765 2853 2861 copia

623 2865 876 2961 illoque
927 2865 1406 2960 splendentium
1459 2864 1802 2937 verborum
1858 2874 2119 2958 ornatu,
2172 2866 2406 2963 quibus
2458 2890 2588 2963 quo
2639 2867 2847 2962 magis

623 2967 781 3063 qnid
832 2967 1171 3064 explicare
1222 2975 1417 3064 atque
1467 2965 1805 3040 illustrare
1856 2968 2162 3062 studeas,
2228 2992 2309 3041 eo
2362 2968 2573 3066 magis
2621 2968 2850 3065 impli-

620 3077 812 3142 catur
860 3077 1058 3166 atque
1111 3068 1524 3142 obscuratur.
