3192 4992
914 343 1504 406 EMENDATIONES
1548 347 2023 413 PINDARICAE.
2459 353 2583 422 145

352 506 638 587 'Recedit
697 508 872 582 enim
935 510 1261 583 secundus
1313 536 1543 585 versus
1595 514 1677 587 ab
1729 540 1810 589 ea
1859 518 2095 612 forma,
2172 545 2362 616 quam
2413 525 2680 605 reli-16

358 620 522 722 qnae
570 611 882 706 strophae
935 636 1160 685 omnes
1212 612 1493 688 habent:

652 762 955 868 φέροντι
1004 760 1132 835 καὶ
1180 760 1325 839 τὰν
1372 760 1779 848 θεόςδοτον
1828 765 2180 866 δύναμιν.

345 910 451 984 Ac
505 914 609 985 vel
658 939 781 1016 per
833 940 905 987 se
958 922 1090 987 tam
1140 914 1486 989 invenusta
1538 928 1642 989 est
1691 920 1935 992 solutio
1986 923 2058 994 in
2094 922 2227 996 fine
2270 924 2573 1020 dipodiae

297 1107 302 1110 -
342 1012 690 1108 iambicae,
742 1024 817 1088 ut
865 1041 998 1088 non
1051 1018 1266 1112 possit
1316 1042 1355 1088 a
1382 1018 1676 1092 Pindaro
1712 1009 2236 1096 admissa'credi.
2324 1029 2574 1118 Quam-

267 1191 273 1204 ,
345 1115 573 1189 obrem
624 1143 773 1192 eum
822 1118 1171 1215 scripsisse
1222 1127 1425 1216 putot

647 1267 830 1343 ὅταν
878 1297 990 1352 τις
1040 1269 1229 1371 ὀργᾷ
1282 1253 1734 1369 κεκραμένον
1782 1274 2111 1372 καθαρᾷ.

540 1417 696 1493 Non
747 1422 836 1520 de·
881 1423 1152 1513 metris,
1227 1422 1341 1512 sed
1411 1422 1501 1494 (le.
1558 1425 1886 1496 sententia
1952 1425 2285 1499 dubitatur
2331 1427 2565 1502 horum

335 1543 672 1614 versuum,
726 1524 839 1619 qui
889 1532 1043 1630 sunt
1090 1525 1160 1595 in
1209 1525 1422 1620 prima
1472 1525 1921 1622 antistropha:

644 1670 724 1746 σὲ
788 1670 862 1748 δ’
934 1668 1334 1772 ἐρχόμενον
1396 1676 1477 1751 ἐν
1541 1672 1718 1771 δίκᾳ
1779 1674 2006 1761 πολὺς
2059 1677 2279 1775 ὄλβος
2326 1677 2563 1778 ἀμφι-

1255 1840 1262 1848 .
1595 1776 1924 1869 νέμετάι·
1990 1837 1997 1842 .

637 1872 723 1948 τὸ
771 1871 914 1969 μὲν
962 1874 1075 1949 ὅτι
1120 1873 1468 1973 βασιλεὺς

637 1975 795 2049 ἐσσὶ
843 1984 1177 2077 μεγαλᾶν
1223 1978 1528 2067 πολίων,

633 2078 778 2171 ἔχει
828 2079 1185 2209 συγῖενὴς

635 2178 1035 2276 ὃφθαλμος
1085 2177 1555 2257 αἰδοιότατον
1603 2182 1822 2283 γέρας

524 2323 528 2330 ·
630 2288 761 2377 τεᾷ
809 2288 1031 2355 τοῦτο
1081 2277 1544 2384 μιγνύμενον
1594 2281 1845 2381 φρενί·

631 2380 884 2481 μάκαρ
936 2380 1021 2455 δὲ
1071 2385 1197 2457 καὶ
1244 2391 1415 2470 νῦν,
1466 2391 1810 2466 κλεεννᾶς
1858 2381 1970 2455 ὅτι

633 2478 846 2577 εὖχος
893 2481 1038 2579 ἤδη
1090 2483 1289 2580 παρὰ
1344 2481 1752 2566 Πυθιάδος
1798 2486 2043 2568 ἵπποις
2092 2483 2280 2559 ἑλών

633 2580 920 2668 δέδεξαι
966 2579 1186 2659 τόνδε
1234 2592 1492 2682 κῶμον
1542 2585 1852 2683 ἀνέρων.

314 2736 600 2811 Certum
648 2737 957 2809 indicium
1011 2749 1116 2810 est
1165 2738 1527 2809 sententiae
1593 2762 1723 2809 non
1777 2738 1940 2809 satis
1989 2735 2408 2830 intellectae,
2483 2741 2543 2812 si

310 2842 529 2912 multa
591 2840 790 2910 verba
854 2839 1104 2911 faciunt
1164 2840 1586 2936 interpretes.
1701 2838 1812 2910 Ita
1860 2841 2033 2909 hunc
2080 2839 2300 2914 locum
2349 2841 2543 2914 lectis

312 2966 486 3038 quae
545 2940 856 3012 adnotata
904 2952 1056 3012 sunt
1104 2941 1315 3022 minus
1367 2945 1563 3011 etiam
1617 2964 1807 3037 quam
1860 2964 1989 3011 non
2040 2939 2233 3013 lectis
2289 2943 2543 3014 intelli-

309 3067 464 3140 gas.
571 3042 799 3113 Primo
843 3042 997 3136 quid
1031 3042 1227 3112 verba
1269 3043 1669 3137 significent,
1725 3042 1958 3113 deinde
2000 3041 2336 3114 verborum
2373 3068 2538 3139 quae

305 3146 400 3216 sit
444 3144 789 3217 sententia
844 3142 1210 3214 videndum.
1311 3144 1416 3214 Ac
1468 3141 1825 3242 συγγενὴς
1855 3138 2294 3238 ὀφθαλμός,
2347 3170 2539 3239 quem

300 3245 715 3318 scholiastes
764 3245 1034 3341 proprie
1086 3244 1328 3315 dictum
1380 3246 1639 3341 accepit
1686 3244 2131 3340 ineptissime,
2172 3252 2298 3314 -aut
2347 3246 2540 3341 inge-

243 3353 244 3360 ’
301 3348 525 3419 nitam
604 3347 907 3418 virtutem
974 3354 1088 3418 aut
1165 3345 1574 3417 nobilitatem
1641 3346 1903 3442 generis
1976 3353 2089 3415 aut
2154 3343 2539 3438 felicitatem

305 3449 541 3546 gentis
591 3449 925 3545 propriam
975 3446 1304 3544 significet
1337 3469 1608 3540 necesse
1652 3455 1778 3519 est.
1880 3439 2371 3519 Αἷδοιότατον
2417 3446 2539 3547 γε’-

309 3578 452 3646 ρας
509 3559 721 3621 autem
773 3573 969 3645 quum
1020 3557 1244 3646 aperte
1296 3548 1385 3621 sit
1432 3548 1620 3644 regia
1670 3548 1996 3644 dignitas,
2061 3547 2385 3643 reliquum
2435 3557 2540 3622 est

307 3651 491 3746 ἔχει,
544 3676 672 3747 quo
725 3659 837 3724 aut
884 3650 1273 3746 simpliciter
1311 3645 1544 3723 habet
1578 3657 1694 3721 aut
1729 3650 2060 3722 sustinet
2102 3648 2536 3743 significetur.

307 3752 504 3825 Hinc
552 3754 799 3849 triplex
849 3752 1072 3848 prodit
1120 3751 1483 3842 sententia,
1557 3759 1671 3822 aut
1720 3751 1925 3823 haec:
2008 3751 2198 3851 quia
2246 3774 2406 3823 rex
2454 3777 2536 3826 οε

309 3845 801 3955 mag'narum
838 3850 1166 3942 urbium,
1216 3854 1574 3953 ingenita
1609 3848 1749 3924 tibi
1784 3853 2030 3924 virtus
2061 3846 2295 3924 habet
2328 3849 2538 3926 hanc

309 3957 668 4029 maxime
729 3951 1239 4028 venerabilem
1298 3952 1762 4053 dignitatem
1832 3964 1973 4026 tua
2026 3964 2533 4052 temperatam

310 4059 710 4156 capientia
720 4081 756 4143 ;
826 4063 974 4128 aut=
1007 4099 1027 4118 ι
1053 4057 1243 4157 quia
1304 4080 1470 4128 rem
1526 4079 1607 4127 οε
1670 4079 2150 4153 magnarum
2199 4051 2529 4145 urbium,

377 4160 632 4233 enoris
693 4161 816 4231 tui
871 4160 1130 4231 lumen
1192 4159 1520 4236 sustinet
1562 4156 1770 4230 Ιιαηο
1819 4157 2166 4229 maxime
2212 4180 2530 4230 venera·

302 4185 542 4333 {ilem
589 4258 1074 4360 dignitatem,
1123 4259 1513 4357 sapienfia
1564 4271 1705 4332 tua
1755 4269 2264 4354 temperatam
2278 4281 2313 4341 ;
2376 4269 2529 4330 ante

312 4363 510 4463 quia
572 4386 729 4436 rea:
777 4387 857 4435 οε
920 4385 1397 4463 magnarum
1457 4355 1765 4435 'urbium
1779 4413 1803 4452 ,
1876 4359 2212 4461 propria
2267 4359 2534 4456 gentis

404 4475 633 4547 Eunu.
680 4477 795 4546 ΟΡ.
836 4477 976 4548 VII.
2077 4471 2144 4538 K
