3192 4992
2376 291 2394 320 Ὁ

947 399 1048 461 nn
1092 401 1384 462 orrrmo
1428 403 1941 467 m'rnnrnnrrs.
2168 402 2174 407 ·
2392 364 2555 470 ’123

431 655 446 674 2
885 571 1134 662 χαῖρε·
1185 564 1356 642 τόδε
1386 565 1526 659 μὲν
1554 568 1746 643 κατὰ
1783 569 2200 645 Φοίνισσαν
2229 571 2556 667 ἕιιπολὰν

538 664 753 760 μέλος
798 665 981 765 ὑπὲρ
1032 677 1289 752 πολιᾶς
1339 668 1511 753 ἁλὸς
1559 672 1946 764 πέμπεται·

533 767 619 841 τὸ
668 766 1121 865 Καστόρειον
1169 769 1243 844 δ’
1303 774 1385 845 ἐν
1433 770 1861 850 Λῖολίδεσσι
1895 770 2209 872 χορδαῖς
2255 775 2503 848 θέλων

461 949 464 954 ,
539 870 884 968 ἄθρησον
924 867 1155 965 χάριν
1202 868 1669 947 ἑπτακτύπου

539 967 952 1074 φόρμιγγος
1002 969 1425 1069 ἀντόμενος.

338 1118 753 1197 scholiastes
835 1150 1029 1222 quum
1090 1124 1451 1198 Pindarum
1517 1133 1742 1198 narrat
1805 1126 2106 1198 mercede
2170 1134 2366 1224 pacta
2427 1127 2558 1201 hee

338 1248 600 1296 carmen
649 1228 933 1319 mittere,
988 1224 1372 1301 Castoreum
1427 1237 1668 1320 autem,
1723 1227 1897 1324 quod
1928 1226 2366 1346 hyporcbema
2407 1229 2558 1301 fue-

337 1324 452 1417 rit,
504 1328 712 1422 gratis
764 1330 1111 1400 missurum
1165 1329 1407 1420 dicere,
1460 1330 1686 1426 inepta
1720 1329 1979 1401 tradere
2013 1330 2188 1402 visus
2218 1339 2344 1401 est.
2409 1329 2559 1402 Ita-

338 1450 464 1523 que
518 1453 714 1523 quum
764 1431 880 1501 alii
935 1432 1067 1502 alia
1120 1431 1578 1522 coniecissent,
1632 1430 1793 1502 mihi
1843 1429 1999 1503 olim
2051 1455 2181 1503 non
2232 1430 2361 1503 duo
2405 1455 2557 1504 car-

298 1528 511 1601 ,mina
563 1515 908 1656 distingui
931 1531 1349 1624 videbantur,
1432 1533 1549 1603 sed
1613 1532 1744 1605 hoc
1806 1555 2002 1603 unum
2068 1538 2328 1605 carmen
2395 1532 2554 1625 dici,

330 1620 453 1701 ita
484 1640 556 1702 ut
603 1627 775 1706 τόδε
824 1630 1038 1727 μελος
1086 1634 1399 1763 scriptum
1452 1658 1712 1706 carmen
1765 1633 2210 1730 significaret,
2263 1629 2350 1707 τὸ
2399 1639 2557 1706 Κα-
2640 1683 2651 1692 -

339 1725 671 1827 στόρειον
734 1745 948 1807 autem
1012 1735 1154 1831 ipse
1180 1737 1514 1807 incessus
1583 1735 1769 1808 chori
1835 1742 2048 1827 esset,
2119 1760 2378 1808 carmen
2429 1737 2558 1808 hoc

337 1829 703 1951 Syracusas
752 1836 1203 1908 transmissum
1253 1837 1573 1908 canentis.
1661 1836 1773 1910 Et
1835 1844 2114 1947 possunt
2164 1861 2359 1927 sane,
2429 1839 2558 1910 lioe

336 1933 530 2006 modo
583 1937 640 2007 si
672 1937 1155 2057 intelliguntur,
1208 1939 1422 2010 omnia
1466 1938 1547 2011 ad
1588 1938 1716 2012 hoc
1758 1963 1954 2024 unum
1985 1961 2244 2011 carmen
2279 1938 2554 2010 referriz

334 2059 466 2105 non
532 2046 843 2134 possunt,
925 2040 985 2111 si
1034 2040 1171 2131 sic,
1250 2047 1325 2111 ut
1389 2040 1599 2111 visum
1664 2047 1769 2112 est
1820 2041 1994 2112 aliis.
2111 2039 2208 2112 Et
2256 2039 2557 2111 Dissenii

333 2136 596 2231 quidem
676 2142 1184 2237 explicationem
1275 2143 1483 2214 satius
1564 2141 1731 2215 duco
1815 2142 2079 2214 silentio
2165 2143 2555 2237 praeterire.

333 2235 664 2310 Boeckhii
713 2250 930 2314 autern
979 2243 1463 2339 interpretatio,
1519 2244 1628 2339 qui
1678 2242 1765 2316 τὸ
1814 2237 2267 2338 Καστόρειον
2314 2267 2557 2315 meram

334 2341 792 2436 repetitionem
845 2367 993 2416 esse
1043 2351 1271 2439 putat,
1342 2346 1857 2470 sententiamque
1923 2344 2027 2414 his
2079 2343 2296 2414 verbis
2348 2368 2559 2414 enun-
2612 2399 2621 2406 .

338 2442 511 2513 ciat·
590 2441 945 2536 πέμπεται
1004 2442 1147 2540 μὲν
1207 2439 1378 2518 τόδε
1442 2444 1656 2537 μέλος
1704 2442 1885 2541 ὑπὲρ
1938 2437 2148 2531 ἁλός,
2216 2443 2560 2539 ἄθρησον

338 2538 421 2614 δὲ
469 2540 555 2615 τὸ
583 2540 1061 2640 Καστόρειον,
1111 2545 1377 2641 linguae
1424 2547 1682 2641 legibus
1711 2554 2036 2643 repugnat
2060 2546 2203 2645 ¹⁴¹).
2270 2546 2558 2618 Diversa

337 2643 743 2742 distinguere
770 2645 1128 2718 Pindarum
1179 2647 1328 2719 luce
1382 2648 1624 2719 clarius
1677 2656 1799 2719 est.
1892 2647 2298 2743 Quumque
2277 2648 2362 2718 lis
2397 2672 2556 2719 usus

338 2745 427 2816 sit
481 2748 719 2838 verbiS,
774 2757 847 2819 ut
898 2747 979 2819 de
1034 2747 1284 2820 duobus
1337 2749 1729 2821 carminibus
1763 2749 1946 2854 loqui
1986 2748 2302 2840 videatur,
2357 2750 2559 2821 scho-

336 2846 570 2920 liastae
625 2849 959 2921 adnotatio
1009 2874 1141 2921 non
1194 2860 1297 2922 est
1348 2859 1591 2922 temere
1629 2842 2018 2947 spernenda.
2120 2848 2291 2922 Nam
2334 2857 2402 2922 et
2436 2875 2561 2947 pe-

226 2992 233 3008 ·
339 2950 594 3022 cuniam
644 2951 980 3048 accepisse
1044 2960 1276 3047 poetas
1341 2976 1461 3047 pro
1529 2951 1898 3023 huiusmodi
1951 2951 2342 3024 carminibus
2393 2953 2557 3024 satis

339 3060 638 3143 constat,
711 3054 1084 3149 optimeque
1136 3055 1537 3126 conveniunt
1587 3055 1651 3124 ei
1700 3055 1800 3124 rei
1852 3054 2054 3142 baec,
2125 3049 2317 3127 κατὰ
2371 3051 2559 3126 Φοί-

271 3163 282 3204 ·‘
338 3174 608 3228 νισσαν
656 3149 1010 3247 ἐμπολάν,
1062 3178 1187 3226 nec
1237 3155 1582 3251 quidquam
1633 3154 1934 3251 impedit,
1988 3155 2140 3250 quin
2193 3153 2371 3225 aliud
2407 3178 2559 3226 car·-

339 3278 486 3326 men
552 3256 761 3350 gratis
826 3256 1088 3328 mittere
1152 3257 1445 3353 potuerit
1493 3255 1850 3328 Pindarus.
1954 3256 2129 3348 Quin
2196 3255 2436 3328 fecisse
2487 3254 2559 3326 id

344 3380 488 3427 eum
537 3365 719 3429 tanto
774 3359 913 3429 veri
965 3358 1243 3429 similius
1296 3366 1437 3444 est,
1505 3366 1746 3453 quanto
1813 3359 2183 3454 graviorem
2235 3380 2556 3447 caussam,

341 3466 414 3529 ut
462 3458 750 3548 faceret,
802 3459 1105 3530 habebat.
1207 3459 1323 3530 Ex
1373 3460 1519 3554 ipso
1574 3459 1745 3529 enim
1796 3457 2002 3531 hocce
2057 3458 2341 3529 carmine
2396 3456 2558 3529 satis

344 3569 642 3656 apparet,
678 3562 1094 3632 vehementer
1118 3585 1260 3632 eum
1295 3561 1724 3633 calumniatos
1758 3560 1930 3657 apud
1957 3559 2316 3630 Hieronem
2352 3558 2558 3631 fnisse
2626 3557 2632 3566 '

335 3661 821 3734 obtrectatores
874 3687 1055 3733 suos».
1154 3660 1392 3757 Itaque
1445 3661 1601 3757 quid
1649 3661 2095 3757 probabilius,
2151 3684 2342 3756 quam
2395 3685 2560 3757 ope-

342 3786 479 3835 ram
533 3787 678 3835 eum
731 3763 1015 3854 dedisse,
1066 3771 1166 3855 ut,
1219 3764 1608 3859 simulatque
1645 3763 1914 3835 vicisset
1951 3762 2188 3852 Hiero,
2241 3763 2559 3834 nuncians

347 3865 723 3956 victoriam,
797 3866 1008 3962 primo
1075 3890 1147 3936 se
1216 3864 1597 3944 defenderet
1662 3865 1972 3936 adversus
2036 3862 2296 3935 invidos
2359 3864 2557 3953 illos3

346 3965 470 4062 quo
525 3977 740 4039 autem
789 3967 998 4062 magis
1047 3967 1297 4038 labanti
1348 3966 1603 4063 gratiae
1657 3990 1814 4038 suae
1852 3973 2291 4057 succurreret,
2345 3965 2555 4062 ipsam

344 4070 659 4142 victoriae
724 4068 983 4140 laudem
1033 4069 1355 4166 singulari
1406 4068 1692 4141 carmine
1745 4093 1819 4142 se
1869 4069 2346 4141 celebraturum
2395 4079 2584 4165 pro-‘

513 4355 607 4440 ¹⁴)
663 4359 802 4418 Mire
852 4366 1121 4439 argutatur
1159 4359 1486 4430 Boeckhius,
1538 4365 1601 4416 ιιι
1653 4376 1712 4416 se
1754 4356 2023 4417 defendat:
2092 4378 2192 4437 quo
2247 4357 2415 4415 fusior
2455 4360 2558 4415 ista

346 4444 578 4503 defensio
622 4453 719 4515 est,
762 4465 823 4504 eo
865 4446 925 4503 fit
965 4447 1245 4517 obscurior,
1288 4464 1449 4522 eoque
1491 4443 1722 4504 debilior.
