3192 4992
640 354 773 424 ω
1442 355 1553 415 ΒΕ
1618 351 2065 413 ΑΤΒΑΝΤΕ.

645 530 856 613 retur,
908 519 1245 595 columnas
1293 521 1636 617 accepisse
1687 489 1772 591 ab*
1809 517 2132 610 Homero,
2185 540 2378 614 quem
2428 516 2573 611 ἔχει
2619 514 2874 601 κίονας

643 622 873 705 αὐτὸς
920 622 1243 696 «licentem
1309 623 1688 718 significare
1740 620 2080 711 crederet,
2150 622 2490 692 columnas
2541 644 2672 691 non
2725 621 2871 692 solo

648 726 913 821 aliquo,
1001 724 1116 796 sed
1182 724 1470 795 humeris
1546 723 1759 819 ipsius
1820 722 2118 793 Atlantis
2183 720 2521 793 sustineri.
2641 720 2872 817 Magis

647 829 844 899 etiam
899 850 1045 897 cum
1078 824 1376 897 Hesiodo
1412 825 1785 897 consentire
1814 824 2215 918 Aeschylum
2259 823 2608 894 voluerunt
2634 822 2876 893 Blom-
3002 825 3010 834 '

648 929 939 1019 fieldius‚
981 926 1413 1026 κΝἰεκεσείιίιιε,
1463 924 1915 1016 Letrouoius‚
1969 925 2219 1019 ἕστηκε
2266 920 2456 998 κίων
2504 933 2732 995 contra
2783 926 2877 997 li·-

574 1019 586 1044 “
647 1031 806 1102 hros
872 1038 941 1101 et
1003 1052 1232 1125 parum
1298 1030 1642 1124 eleganter
1702 1028 2102 1098 scribentes:
2189 1050 2381 1121 quam
2453 1027 2870 1122 scripturam,

650 1139 975 1227 tamquam
1030 1130 1090 1201 si
1145 1131 1408 1226 vulgata
1458 1137 1678 1219 esset,
1730 1136 2043 1225 posuerat
2092 1127 2179 1199 P.
2231 1126 2495 1199 Petitus
2544 1127 2610 1197 in
2663 1122 2871 1198 obss.

650 1233 842 1304 misc.
876 1230 1020 1302 ΙΙΙ.
1073 1233 1197 1305 24.
1251 1257 1337 1303 cx
1365 1229 1659 1320 Erasmi,
1712 1239 1786 1303 ut
1834 1230 2118 1318 videtur,
2171 1228 2453 1325 Adagiis
2495 1228 2566 1298 in
2609 1229 2871 1301 incon-

463 1419 468 1426 ,
651 1358 887 1406 cussa
916 1334 1318 1406 columna:
1371 1332 1487 1404 scd
1508 1330 1802 1404 Petitum
1828 1332 2140 1403 refutavit
2159 1330 2593 1403 Ahreschius.
2646 1327 2876 1401 Verha.

595 1465 598 1470 ·
650 1435 1002 1529 Aeschyli,
1071 1441 1575 1506 commemorata
1626 1433 1820 1504 etiam
1887 1458 1928 1506 a
1976 1431 2340 1505 Plutarcho
2390 1432 2461 1502 iu
2508 1431 2740 1502 libello
2793 1430 2874 1501 de

652 1536 828 1608 facie
892 1537 961 1608 iu
1027 1537 1186 1607 orhe
1248 1537 1444 1608 lunae
1510 1559 1580 1631 p.
1634 1536 1810 1609 928.
1876 1534 1965 1607 C.
2033 1535 2164 1631 (T.
2216 1532 2358 1604 IX.
2411 1557 2482 1629 p.
2533 1535 2711 1608 652.
2766 1532 2874 1603 ed.

650 1637 926 1732 Reisk.)
967 1637 1242 1710 'dubium
1292 1639 1708 1732 relinquunt,
1774 1657 1964 1709 uuam
2031 1661 2112 1709 an
2168 1635 2330 1706 duas
2381 1636 2719 1707 columnas
2768 1634 2877 1705 in-

653 1740 871 1835 telligi
920 1740 1229 1811 voluerit.
1329 1737 1752 1833 singularem
1795 1738 2066 1834 agnovit
2096 1736 2489 1810 Eustathius
2540 1760 2610 1832 p.
2649 1737 2873 1827 1389,
3012 1829 3019 1835 .

651 1843 784 1916 61.
833 1837 954 1913 διὸ
1002 1838 1129 1912 καὶ
1176 1834 1546 1933 Αἰσχύλος
1594 1841 1677 1913 ἐν
1734 1841 2143 1936 Προμηθεῖ
2199 1835 2417 1930 κίονα
2477 1834 2680 1911 εἶπεν
2727 1837 2877 1911 im·-

581 1944 585 1949 ’
645 1947 827 2029 κῶς,
876 1937 1005 2014 καὶ
1055 1939 1146 2015 οὗ
1196 1939 1469 2023 κίονας.
1574 1937 1858 2014 Scilicet
1908 1965 2096 2012 axem
2151 1940 2321 2011 caeli
2370 1949 2718 2036 terraeque
2768 1940 2877 2010 iu-

654 2043 1038 2138 telligehat,
1106 2065 1296 2137 quam
1359 2043 1968 2140 interpretationem
2030 2052 2620 2114 commemorarunt
2680 2039 2874 2111 etiam

560 2138 1052 2231 l4scholiastae
1102 2145 1417 2240 Aeschyli
1482 2145 1564 2216 ad
1633 2167 1698 2214 v.
1752 2146 1927 2218 347.
1994 2153 2064 2215 et
2112 2146 2289 2217 428.
2341 2151 2411 2214 et
2457 2141 2742 2215 Hesiodi
2789 2141 2874 2213 ad

655 2246 926 2343 Theog.
978 2248 1154 2322 509.
1256 2246 1432 2337 Quin
1482 2245 1860 2341 Hesychius
1922 2246 2136 2343 ipsum
2185 2246 2524 2317 Atlantem
2572 2267 2696 2340 pro
2746 2266 2873 2314 axo

653 2346 786 2419 diei
837 2348 1222 2420 adnotavit.·
1297 2347 1393 2420 Et
1444 2372 1604 2420 sane
1658 2347 1828 2444 apud
1857 2347 2257 2441 Aeschylum
2307 2369 2438 2418 non
2491 2347 2681 2417 video
2717 2344 2873 2441 quid

654 2449 832 2521 uliud
884 2450 1317 2545 relinquntur,
1372 2450 1428 2521 si
1482 2451 1833 2543 imaginem
1882 2444 2120 2530 iustam
2155 2448 2332 2520 effici
2377 2449 2699 2520 volumus.
2779 2446 2875 2519 Et

652 2552 722 2622 in
773 2551 944 2623 hanc
994 2553 1383 2626 sententiam
1434 2550 1769 2648 Virgilius
1819 2553 1993 2623 Aen.
2043 2549 2182 2621 IV.
2233 2552 2412 2625 481.
2464 2549 2774 2647 scripsit:

1714 2697 1851 2772 ubi
1894 2702 2294 2775 maximus
2342 2695 2577 2774 Atlas

857 2825 1099 2914 qxem
1138 2797 1453 2873 lau-mero
1481 2813 1795 2904 torquet
1816 2805 2061 2908 stellis
2095 2800 2548 2877 ardentibus
2580 2810 2871 2904 aptum.

655 2952 843 3043 Quae
894 2953 1092 3024 vel-ha
1141 2954 1365 3051 posuit
1415 2955 1614 3026 etiam
1662 2954 1732 3025 in
1776 2952 1911 3025 VL
1948 2956 2127 3029 797.
2180 2956 2308 3044 nisi
2357 2955 2530 3052 quod
2569 2955 2666 3026 ibi
2701 2977 2872 3027 cae-

653 3053 841 3152 ἰξίαν
878 3054 1075 3126 Atlas
1126 3065 1252 3126 est.
1357 3053 1641 3129 Scilicet
1692 3081 1907 3148 axem,
1961 3072 2034 3128 ut
2077 3056 2414 3129 Eustathii
2467 3057 2685 3130 verbis
2725 3068 2875 3128 utar

655 3181 815 3253 pag.
874 3158 1112 3247 1389,
1180 3159 1282 3232 60
1347 3158 1827 3252 intelligebant.
1872 3157 2182 3233 εὐθεῖαν
2253 3153 2657 3253 ἀσώματόν
2704 3181 2877 3231 τινα

659 3258 842 3332 ὄντα
890 3257 1017 3333 καὶ
1068 3254 1418 3353 ἀόρατον,
1473 3257 1906 3355 συνεκτικὴν
1953 3267 2091 3333 τοῦ
2140 3257 2438 3343 παντός.
2540 3259 2648 3332 Ea
2697 3260 2876 3332 linea

657 3360 965 3457 qnoniam
1033 3369 1101 3432 et
1151 3381 1272 3456 per
1323 3362 1574 3432 caelum
1644 3371 1712 3432 et
1738 3359 1882 3458 'per
1931 3371 2173 3434 terram
2225 3363 2505 3454 transit,
2571 3370 2757 3435 recte
2810 3370 2876 3433 et

658 3462 803 3534 sine
854 3463 1290 3557 repugnantia
1336 3463 1631 3534 Atlantis
1696 3463 1765 3535 iu
1830 3473 2009 3535 terra
2034 3493 2051 3504 ·
2074 3461 2309 3536 stantis
2361 3462 2666 3536 humeros
2692 3485 2878 3566 ¹pre--

658 3586 861 3655 mere,
926 3562 995 3634 in
1045 3564 1258 3659 iisque
1309 3564 1606 3660 torqueri
1654 3564 2020 3637 videbatur.
2119 3563 2205 3637 Id
2255 3572 2359 3638 est
2407 3566 2574 3637 illud
2624 3563 2876 3638 Eusta-

658 3664 823 3755 thii,
900 3664 1074 3760 quod
1138 3689 1339 3761 supra
1402 3666 1679 3738 vidimus
1746 3667 1879 3738 alio
1945 3667 2330 3739 translatum
2397 3667 2480 3737 ah
2528 3665 2872 3740 Hefl'terox

661 3765 896 3847 ἄλλως
944 3762 1027 3838 δὲ
1059 3769 1179 3849 ..εἰς
1228 3760 1368 3840 δύο
1419 3762 1935 3863 διαιρούμενος
1995 3764 2186 3841 κατά
2251 3796 2330 3841 τε
2377 3765 2465 3840 τὸ
2512 3765 2875 3871 ὑπόγαιον

663 3864 896 3940 αὐτοῦ
942 3864 1069 3939 καὶ
1116 3864 1203 3940 τὸ
1248 3863 1636 3964 ὖπὲργειον
1647 3923 1673 3956 ,
1743 3864 2020 3944 κιόνων
2069 3867 2329 3965 πέμπει
2377 3867 2548 3944 τινὰ
2596 3866 2876 3965 ταύτην

563 4069 566 4074 Ι
648 3965 1091 4067 ’φαντασίαν
1101 4024 1127 4057 ,
1200 3964 1319 4094 ἐφ’
1381 3967 1500 4052 αἷς
1550 3967 1793 4045 κίοσιν
1853 3968 1899 4065 ἢ
1949 3976 2044 4073 γῆ
2092 3973 2169 4045 τὲ
2222 3969 2385 4045 οἷον
2429 3969 2704 4070 βέβηκε
2753 3969 2876 4045 καὶ

664 4066 979 4164 οὐρανὸς
1023 4067 1482 4165 ὕπανεχεται.
1582 4067 1750 4145 Nam
1801 4070 1873 4144 in
1923 4073 2202 4170 sphaera
2254 4075 2400 4145 axis
2451 4095 2575 4171 per
2625 4077 2875 4147 caelum

665 4171 967 4268 obliquus
1018 4173 1380 4265 transiens,
1433 4171 1648 4245 media
1699 4174 1803 4245 sui
1851 4185 2040 4270 parte
2091 4185 2334 4247 terram
2385 4184 2607 4265 secat,
2668 4199 2874 4273 eoque

661 4274 825 4370 ipse=
857 4272 927 4343 in
978 4271 1138 4344 duas
1185 4283 1435 4370 parteS,
1487 4297 1651 4371 quas
1701 4277 1888 4372 quasi
1938 4277 2273 4351 columnas
2324 4300 2473 4349 esse
2525 4277 2692 4350 dicit
2730 4271 2876 4350 Eu·-

665 4375 972 4467 stathius,
1023 4374 1442 4472 dispescitur,
1493 4379 1576 4449 de
1629 4378 1861 4473 quihus
1901 4376 2235 4474 Virgilius
2270 4377 2534 4475 Georg.
2581 4377 2649 4452 Ι.
2700 4382 2874 4455 242.
