3192 4992
630 371 762 441 m
1070 375 1174 439 BE
1212 373 1584 438 AESCHYLI
1625 375 2001 439 TRILOGIIS
2040 377 2440 442 THEBANIS.

934 539 1368 640 ἐπέμψαμεν
1384 537 1705 673 βόειον·
1759 542 1802 618 ὃ
1850 540 1935 618 δὲ
1985 541 2246 639 λαβὼν
2280 541 2455 640 χερὶ

933 644 1187 774 ἕγνω’
1196 640 1543 743 παφήσας
1591 642 1752 718 εἶπέ
1789 645 1859 717 τ’
1918 645 2250 739 ε’κθυμος
2292 642 2513 719 τάδε·

932 744 1046 832 τίς
1094 774 1223 842 μοι
1270 742 1433 821 τόδ’
1491 745 1658 821 ἄντ’
1719 746 1931 840 ὤμου
1966 746 2135 820 Ησθ
2189 745 2230 821 5
2277 743 2594 875 μισητὸν
2638 744 2859 844 κρέας

536 837 637 912 16
934 848 1296 941 πέμπωνς-
1332 846 1569 974 γέλων
1616 845 1711 976 δὴ
1759 846 1965 942 τάμὰ
2013 855 2399 923 ποιοῦνται
2444 844 2651 976 κόροι

788 952 888 1026 10
932 946 1278 1037 θύοντες,
1324 947 1543 1046 ὕβρει
1572 943 1731 1038 θ’,
1733 946 1817 1037 ,5
1834 946 2146 1073 τυφλός·
2201 950 2405 1024 ου’τοι
2430 945 2793 1053 γνωσεται
2795 960 2853 997 ³³

935 1048 1132 1126 οὕτω
1181 1051 1262 1124 λέ
1301 1075 1542 1134 οντες·
1596 1045 1660 1124 ὦ
1705 1004 1905 1140 θεοί,
1953 1046 2429 1179 μαρτύρομαι

934 1150 1083 1255 ἐγὼ
1130 1076 1308 1227 τοίιξζ
1360 1150 1583 1247 ὑμᾶς,
1633 1149 1760 1226 καὶ
1807 1148 2256 1247 κατεύχομαι
2302 1148 2497 1227 κακὰ

827 1253 832 1260 ’
931 1258 1271 1329 κακοῖσιν
1313 1254 1571 1336 αὐτοῖς
1616 1251 1858 1380 τῶνδε
1908 1252 2026 1336 δὶς
2071 1250 2256 1328 τόσα
2306 1256 2640 1383 σχεθεῖν·

923 1362 1181 1485 χαλκῷ
1232 1352 1315 1431 δὲ
1364 1352 1911 1452 μαριιαίροντες
1959 1352 2293 1451 ἀλλήλων
2333 1350 2529 1451 χρόα

785 1459 881 1534 15
935 1453 1294 1557 σφάξειαν
1343 1454 1544 1555 ἀμφὶ
1588 1453 1957 1553 κτήμασιν
2003 1463 2496 1558 τυραννικοῖς.

551 1631 553 1640 ’
626 1610 860 1684 Redeo
911 1609 1042 1684 iam
1093 1609 1178 1682 ad
1228 1608 1324 1701 id,
1380 1609 1565 1682 cuius
1619 1633 1852 1682 caussa
1903 1608 1983 1682 de
2035 1610 2139 1682 his
2193 1610 2489 1681 versibus
2541 1608 2847 1735 exposui.

626 1712 798 1786 Nam
864 1711 1036 1810 quod
1106 1710 1497 1784 scholiastes
1549 1711 1858 1809 scripsit,
1938 1707 2032 1783 τὰ
2084 1707 2167 1784 δὲ
2219 1705 2690 1807 παραπλήσια
2737 1717 2845 1809 τῷ

626 1816 944 1911 ἐποποιῷ
994 1809 1122 1887 καὶ
1146 1806 1515 1905 Αἰσχύλος
1562 1813 1648 1886 ἐν
1695 1816 1848 1895 τοῖς
1885 1809 2107 1885 Ἑπτὰ
2140 1809 2258 1885 ἐπὶ
2298 1808 2598 1908 Θήβαις,
2652 1837 2847 1910 quum

625 1923 885 2014 spectet
899 1884 1017 1988 ad
1069 1939 1133 1986 v.
1186 1914 1361 2000 791.
1414 1914 1526 1985 uhi
1576 1914 1658 1985 de
1701 1912 1964 2011 Oedipo
2019 1914 2288 2012 dictum,
2340 1912 2619 1997 τέκνοις
2666 1915 2848 2012 ἐφῆ-

620 2042 751 2092 κεν
799 2010 1175 2098 ἐπικότους
1222 2022 1507 2114 τροφᾶς
1556 2012 1781 2112 ἀρὰς,
1849 2039 1929 2090 ea
1978 2016 2176 2088 verba
2238 2015 2306 2087 iu
2359 2016 2650 2089 eamdem
2699 2041 2842 2089 cum

623 2117 984 2192 scholiasta
1032 2117 1424 2192 sententiam
1472 2115 1801 2189 Heathius
1866 2141 2122 2214 quoque
2185 2117 2653 2215 interpretatus
2714 2125 2842 2209 est,

622 2220 920 2293 scribens
971 2213 1298 2302 ἐπικότος
1345 2224 1670 2338 τροφᾶς,
1736 2243 1901 2315 quae
1953 2243 2084 2292 non
2134 2219 2328 2292 modo
2377 2219 2673 2310 inutilis,
2725 2219 2844 2291 sed

620 2321 818 2398 etiam
868 2320 1214 2396 invenusta
1263 2322 1645 2394 coniectura
1685 2331 1812 2394 est.
1914 2318 2114 2392 Hunc
2155 2321 2415 2418 sequuti
2458 2328 2610 2393 sunt
2636 2319 2843 2392 We]-

621 2421 934 2496 ckerus
912 2448 980 2495 ιιι
1016 2417 1295 2494 Diurnis
1346 2421 1766 2496 scholasticis
1818 2445 1882 2495 a.
1940 2425 2161 2497 1832.
2214 2447 2283 2519 p.
2325 2422 2496 2497 167.
2549 2431 2617 2495 et
2644 2420 2843 2494 Ster-

618 2524 773 2597 kius
837 2525 908 2597 iu
972 2521 1277 2596 Historia
1340 2521 1872 2598 Labdacidarum
1934 2549 2007 2621 p.
2078 2526 2250 2599 100.
2376 2524 2472 2596 At
2538 2533 2614 2596 ut
2676 2524 2841 2596 haec

617 2626 844 2716 verba,
896 2624 958 2695 si
1006 2649 1128 2720 per
1179 2649 1251 2696 se
1303 2624 1449 2696 sola
1500 2633 1906 2720 spectantur,
1958 2624 2194 2698 rcferri
2243 2625 2325 2697 ad
2376 2626 2569 2699 istam
2607 2649 2842 2697 narra-

618 2727 862 2798 tionem
913 2724 1205 2840 possint,
1249 2733 1492 2815 tamen,
1548 2748 1679 2819 quo
1729 2725 1880 2797 loco
1931 2726 2152 2820 posita
2203 2734 2394 2819 suut,
2452 2727 2713 2825 potius,
2765 2735 2840 2799 ut

617 2824 979 2899 Schiitzius
1031 2823 1265 2916 voluit,
1316 2834 1673 2921 propterea
1721 2825 1820 2896 ira
1874 2836 2264 2947 correptum·
2299 2848 2446 2902 esse·
2506 2826 2838 2926 Oedipum

617 2925 1018 3024 siguificant,
1071 2925 1244 3023 quod
1295 2926 1674 2999 sustulisset
1723 2926 2192 3025 educassetque
2242 2929 2495 3005 inceste
2542 2955 2839 3029 progna-

616 3040 724 3102 tos
772 3028 976 3102 filios.
1077 3023 1201 3101 Sic
1251 3027 1423 3100 euim
1474 3028 1715 3101 chorus
1767 3053 1834 3102 a.
1883 3053 1953 3103 v.
2002 3032 2179 3106 784.

1014 3176 1188 3260 ἐπεὶ
1218 3176 1291 3264 δ’
1350 3173 1741 3306 ἀρτίφρων
1816 3223 1823 3235 ·

971 3279 1300 3409 ἐγένετο
1347 3279 1598 3376 μέλεος
1648 3277 1945 3357 ἀθλίων

1011 3378 1307 3485 γαμων,
1359 3382 1470 3455 ἐπ’
1531 3383 1735 3483 ἄλγει
1786 3380 2187 3484 δυςφορῶν

1013 3484 1443 3613 μαινομένᾳ
1475 3482 1750 3581 κραδίᾳ

1010 3582 1299 3674 δίδυμα
1346 3581 1513 3659 κάκ’
1570 3586 1921 3662 ἐτέλεσεν·

1013 3681 1465 3784 πατροφόνῳ
1507 3685 1672 3782 χερὶ
1717 3694 1877 3763 τῶν

1009 3786 1523 3914 κυρσοτέκνων
1573 3784 1939 3917 ὀμμάτων
1985 3751 2394 3892 ἐπλάγχθη,

1006 3888 1371 3964 τέκνοισιν
1420 3886 1494 3965 δ’
1555 3888 1745 3988 ἀρὰς

1009 3991 1282 4088 ἐφῆκεν
1329 3985 1706 4074 ἐπικότους
1750 3998 2058 4121 τροφᾶς,

933 4139 938 4146 ·
1009 4096 1193 4221 αἰαῖ,
1243 4089 1838 4222 πικρογλώσσους
1885 4089 2097 4194 ἀράς,

1004 4192 1135 4281 καὶ
1181 4192 1343 4322 σφε
1372 4190 1848 4292 σιδαρονόμῳ

1002 4277 1136 4369 δία
1179 4293 1343 4393 χερί
1389 4324 1563 4372 ποτε
1615 4300 1863 4392 λαχεῖν
1982 4359 1987 4360 f

1000 4390 1357 4494 κτήματα·
