3192 4992
649 323 779 395 272
1342 325 1446 387 DE
1488 321 1789 386 GRAECA
1829 319 2193 385 mnu.

640 495 865 584 ιιιίιιιις
906 427 1139 566 multa
1199 514 1241 564 a
1301 490 1594 565 tutandis
1655 445 1967 581 urbibusg
2035 485 2570 562 innumerabilia·
2589 510 2632 560 a
2679 486 2875 561 forti·-

634 596 879 670 ‘tudine
940 602 1010 667 et
1056 613 1134 667 re
1181 592 1463 686 bellica,
1528 617 1660 667 non
1727 592 1942 666 solum
1992 615 2035 665 a
2098 590 2316 689 poetis
2381 590 2687 681 inventa,
2760 590 2879 663 sed

596 782 609 789 ‚
650 698 850 770 etiam
901 696 1136 793 quibus
1182 696 1449 792 publice
1496 695 1567 770 in
1621 693 1913 770 Graecia
1964 694 2321 767 coleretur.
2423 689 2708 765 Galeam
2757 715 2880 789 ge·

651 807 808 890 stat,
860 797 1140 888 hastam,
1170 797 1503 894 clipeum,
1555 796 1858 893 aegidem
1892 803 2189 869 ornatam
2218 791 2608 889 Gorgoneo.
2684 792 2880 865 Haec

653 899 1024 974 constantia
1087 906 1155 970 et
1218 906 1564 995 perpetua.
1666 898 1825 970 Alia
1875 921 1917 969 a
1965 896 2182 994 poetis
2233 903 2546 991 accepta,
2624 901 2701 967 ιιι
2750 919 2882 967 no·-

651 1009 842 1092 ctua,
897 997 1071 1099 quod
1121 1004 1542 1118 γλαυκῶπις
1592 999 1770 1071 dicta
1821 1007 1956 1072 est:
2029 1021 2353 1094 quumque
2405 1019 2446 1067 a
2496 995 2878 1092 quibusdam

651 1103 852 1176 etiam
901 1100 1355 1197 antiquorum,
1410 1100 1543 1198 qui
1593 1102 1699 1173 vel
1749 1125 1859 1173 res
1909 1100 2245 1172 naturales
2309 1122 2432 1196 pro
2486 1097 2614 1169 diis
2665 1098 2876 1169 cultas

650 1210 998 1301 putarent,
1070 1203 1177 1274 'vel
1242 1226 1330 1273 ex
1378 1202 1688 1298 Aegypto
1751 1208 2129 1299 repeterent
2192 1177 2462 1271 deorum
2529 1199 2874 1318 originem,

651 1303 849 1378 modo
911 1305 1071 1376 luna
1119 1327 1268 1375 esse
1291 1303 1737 1394 crederetur,
1808 1303 2074 1375 lunulae
2126 1301 2388 1373 additae
2455 1308 2610 1372 sunt
2670 1300 2876 1394 signis

646 1406 837 1495 cius,
900 1405 1093 1480 modo
1123 1404 1457 1502 Aegyptia
1503 1404 1709 1478 Neith
1760 1425 1908 1477 esse
1961 1404 2317 1493 videretur,
2371 1401 2711 1475 crocodilo
2745 1400 2878 1472 ful-

643 1513 811 1592 tam
839 1505 1079 1603 aliquis
1113 1505 1355 1578 artifex
1388 1530 1461 1579 re
1510 1507 1947 1579 raesentavitz
1999 1504 2366 1579 cuiusmodi
2392 1503 2651 1599 signum
2681 1504 2879 1575 scho-

650 1605 884 1680 liastes
932 1608 1254 1680 Aristidis
1319 1607 1402 1679 ad
1528 1608 2027 1680 anathenaicum
2065 1606 2218 1698 95,
2286 1609 2363 1681 7.
2430 1629 2503 1702 p·
2558 1608 2684 1681 17.
2734 1628 2877 1702 seq.

650 1705 836 1808 πρὸς
882 1715 974 1804 τῇ
1026 1703 1414 1803 ἀκροπόλει
1460 1710 1745 1783 Athenis
1807 1709 2014 1781 fuisse
2065 1708 2251 1781 dicit.
2417 1733 2422 1738 ·

854 1810 1217 1886 Rideamur
1262 1810 1574 1902 fortasse,
1628 1811 1689 1882 si
1734 1809 1996 1884 nescire
2046 1834 2168 1882 nos
2211 1807 2669 1928 profiteamur,
2723 1806 2877 1904 quid

645 1910 936 1983 nominis
988 1911 1155 1984 haec
1204 1911 1328 1983 dea
1377 1912 1704 1984 habuerit.
1781 1911 2262 2037 Antiquissimo
2299 1911 2554 1982 auctori
2581 1909 2874 1983 Homero

636 2007 948 2108 ’.Αθήνη
976 2021 1044 2086 ει
1053 2011 1468 2109 Ἀθηναίη,
1503 2037 1583 2087 ac
1614 2010 1956 2095 Παλλὰς’
1964 2007 2265 2108 Αθήνη,
2293 2008 2610 2094 -Παλλὰς
2626 2009 2877 2107 Ἀθη-

644 2111 869 2209 νοτίῃ·
932 2138 1278 2211 ιιιιειιιιειιιι,
1329 2116 1527 2190 sicuti
1570 2120 2009 2197 Γλαυκῶπις
2057 2122 2126 2188 ει
2167 2111 2654 2214 Τριτογένεια,
2705 2112 2874 2185 nude

616 2212 967 2299 Παλλὰς
1016 2221 1326 2309 vocatur,
1398 2236 1612 2314 neque
1663 2211 2147 2315 Ἀτρυτώνη,
2210 2215 2342 2287 nisi
2392 2214 2652 2288 adiecto
2701 2211 2878 2297 Διὸς

648 2314 876 2400 τέκος.
976 2316 1084 2391 Ac
1132 2317 1432 2391 Palladis
1494 2315 1733 2391 nom'en
1789 2319 1939 2415 ipsa
1987 2317 2289 2393 vocabuli
2338 2315 2552 2389 sonna
2599 2313 2882 2389 adiecti-

652 2441 806 2491 vum
856 2442 1005 2492 esse
1053 2419 1312 2516 prodit.
1367 2421 1542 2516 quod
1593 2420 1707 2516 qui
1757 2419 2021 2491 aliunde
2064 2441 2260 2516 quam
2296 2441 2384 2490 ex
2424 2411 2725 2491 πάλλειν
2758 2417 2877 2490 de-

649 2520 933 2593 rivatum
981 2521 1248 2611 volunt,
1313 2521 1583 2593 silentio
1633 2521 1997 2617 praeterire
2045 2521 2300 2592 licebit.
2397 2519 2652 2615 Aperte
2703 2519 2875 2592 enim

650 2644 695 2692 a
763 2617 1074 2704 vibranda
1138 2621 1328 2693 hasta
1390 2622 1492 2694 sic
1556 2621 1733 2692 dicta
1795 2630 1925 2694 est.
2057 2621 2575 2694 Usitatissimum
2607 2679 2610 2682 .
2639 2644 2874 2694 nomen

637 2716 948 2815 Ἀθήνη
990 2723 1228 2792 ‘un-um
1289 2746 1421 2793 non
1481 2722 1793 2793 lactatam
1855 2746 1937 2794 an
2000 2722 2432 2796 immortalem
2497 2722 2873 2818 significare

653 2820 802 2917 quis
869 2820 1093 2912 malit,
1164 2820 1443 2896 liberum
1510 2830 1655 2896 esto
1724 2821 2064 2895 arbitrium
2125 2824 2380 2898 incerta
2444 2825 2874 2898 sectantibus.

502 2919 511 2931 ‘
650 2917 840 2995 Satis
889 2931 1256 2995 monstrare
1310 2923 1614 2998 videntur
1660 2925 2119 3021 productiores
2169 2925 2418 2998 formae
2454 2922 2870 3023 Ἀθηναίη,

637 3018 1029 3119 'AB-quoia,
1066 3022 1406 3120 Ἀθηνᾶ,
1457 3026 1586 3099 hoc
1636 3050 1896 3124 quoque
1946 3050 2096 3099 esse
2132 3027 2551 3101 adiectivum.
2651 3029 2873 3125 Atque

650 3126 734 3197 ab
782 3126 986 3218 urbe,
1057 3125 1128 3197 in
1180 3149 1310 3221 qua
1357 3127 1730 3219 coleretur,
1801 3129 2025 3225 potius
2075 3129 2300 3220 deam,
2373 3152 2566 3225 quam
2616 3130 2698 3200 ab
2750 3128 2875 3202 dea

647 3227 875 3300 urbem
940 3226 1335 3300 nominatam
1402 3251 1551 3300 esse
1619 3229 1933 3303 credibile
1997 3238 2126 3302 est.
2226 3229 2380 3303 Non
2430 3231 2660 3303 habuit
2709 3255 2872 3328 erge

648 3352 924 3421 nomen,
991 3327 1309 3426 siquidem
1378 3330 1636 3427 reliqua
1698 3354 1955 3428 quoque
2019 3332 2301 3404 nomina
2334 3332 2657 3405 adiectiva
2721 3340 2890 3405 sunt-

649 3431 892 3504 omnia.
991 3429 1109 3502 Ex
1159 3430 1287 3503 hac
1331 3453 1407 3503 re
1460 3433 1564 3504 vel
1616 3434 1762 3505 sola
1812 3433 2133 3529 sequitur,
2197 3434 2456 3507 unicam
2506 3456 2587 3507 ac
2635 3457 2874 3532 supre-

648 3555 820 3605 mam
866 3531 1107 3629 priscis
1135 3532 1541 3620 Athenarum
1588 3534 1831 3607 incolis
1880 3534 2070 3607 deam
2120 3534 2346 3610 fuisse.
2447 3534 2708 3609 Eodem
2749 3536 2873 3608 du·-

652 3641 810 3705 eunt
858 3634 1091 3706 etiam
1106 3634 1265 3705 alia.
1364 3609 1536 3706 Nam
1601 3659 1726 3710 nec
1773 3644 2046 3709 matrem
2110 3637 2350 3709 habere
2412 3636 2656 3710 dicitur
2703 3659 2869 3735 quae

651 3756 794 3805 eam
845 3736 1208 3855 pepererit,
1257 3742 1327 3808 et
1358 3736 1549 3833 virgo
1584 3745 1691 3809 est
1721 3739 1889 3810 nulli
1917 3739 2186 3811 deorum
2214 3746 2564 3835 nupta,et
2562 3791 2588 3833 ,
2643 3761 2870 3835 quam-

651 3834 754 3906 vis
801 3834 1085 3931 plurima
1149 3838 1292 3910 eius
1355 3838 1596 3934 religio
1633 3848 1828 3911 esset
1878 3840 2051 3937 apud
2101 3840 2583 3933 Athenienses,
2652 3850 2870 3913 tamen

650 3959 785 4008 non
832 3945 987 4011 nata
1024 3939 1306 4010 Athenis
1359 3938 1625 4031 dicitur,
1676 3947 1753 4011 ut
1803 3965 1969 4037 quae
2020 3965 2280 4039 semper
2327 3941 2530 4014 fuerit
2558 3941 2868 4034 Athenis,

648 4061 862 4134 neque
909 4039 1074 4113 illuc
1123 4040 1212 4112 sit
1261 4040 1542 4114 adducta
1591 4041 1882 4115 aliunde.
1980 4043 2264 4116 Dubitet
2301 4043 2587 4117 fortasse
2630 4043 2868 4164 aliquis

650 4163 740 4212 ex
788 4138 1269 4260 archaeologis
1295 4143 1712 4240 mytholegus
1762 4153 2038 4242 propter
2063 4146 2356 4242 peplum,
2409 4146 2638 4241 quod
2614 4170 2688 4218 ιιι
2718 4142 2868 4218 navi

648 4241 816 4314 rotis
877 4242 1188 4338 imposita
1249 4267 1614 4341 expansum
1660 4244 2146 4319 Panathenaeis
2212 4270 2250 4319 e
2301 4245 2647 4320 Ceramico
2709 4271 2869 4348 pro·-

570 4401 577 4410 .
648 4352 801 4440 pter
848 4368 1096 4417 murum
1146 4342 1573 4443 Pelasgicum
1624 4371 1829 4443 usque
1881 4348 1964 4421 ad
1990 4348 2300 4444 Pythium
2349 4348 2734 4444 vehebatur,
2783 4342 2867 4421 de

3021 1639 3030 1646 l

3051 2595 3062 2598 ἓ
