3192 4992
637 362 730 430 82
767 407 776 416 ,
1247 344 1615 422 ῡΕΡΕΝειο
1654 357 2272 421 mssnunnoms

648 554 844 629 quum
894 519 1247 622 ὑπνώδης
1270 526 1831 601 somnimdome
1862 523 1978 615 sit,
2030 523 2406 598 accuratior
2428 521 2641 619 ipsius
2671 519 2884 592 somni

648 629 1010 727 descriptio
1060 629 1550 726 requireretur,
1625 627 1696 698 id
1756 625 1921 697 mihi
1985 626 2357 698 litterarum
2406 623 2639 697 formis
2688 621 2897 693 nimis·

649 732 1011 820 dissimile,
1079 730 1162 802 ob
1213 729 1606 801 senteutiam
1656 734 1873 798 autem
1940 751 2025 798 ue
2076 726 2416 799 ferendum
2469 723 2730 822 quidem
2785 722 2887 794 vi-

649 835 867 930 detur.
967 830 1203 928 Neque
1271 831 1444 901 euim
1494 824 1892 917 νυστάζων
1956 836 2179 925 aptum
2244 827 2513 900 verbum
2564 832 2708 916 est,
2770 824 2885 894 ubi

648 936 733 1007 de
785 933 1068 1023 somnio,
1122 931 1292 1028 quod
1347 931 1516 1003 tanti
1558 929 1869 1006 momenti
1913 930 2026 1020 sit,
2082 929 2327 1026 agitur,
2381 950 2593 1024 neque
2621 950 2741 998 cur
2769 950 2887 997 so-

647 1037 755 1108 lus
807 1034 1197 1107 dormitasse
1267 1032 1524 1105 dicatur
1573 1030 1839 1102 Philias
1903 1038 2218 1128 apparet,
2301 1054 2496 1127 quum
2563 1028 2761 1099 etiam
2824 1026 2887 1098 si
2990 1113 2997 1130 Ι

647 1161 782 1209 nou
833 1136 1015 1208 solus
1067 1134 1486 1206 dormivisset
1539 1132 1762 1203 videre
1816 1132 2083 1203 heroem
2130 1132 2331 1203 istum
2374 1129 2929 1225 candidatasque*

647 1239 808 1309 deas
858 1236 1174 1333 potuerit.
1277 1232 1487 1305 Immo
1541 1258 1669 1330 ego
1722 1257 1934 1328 neque
1964 1313 1965 1316 Ἴ
2001 1235 2264 1320 ΥΙΟΣ,
2319 1232 2495 1329 quod
2544 1232 2612 1303 in
2663 1228 2886 1326 lapide

647 1348 780 1430 est,
834 1346 1081 1410 temere
1131 1335 1606 1432 repudiandum
1658 1342 1847 1430 puto,
1893 1357 2026 1406 nee
2077 1333 2502 1407 dubitandum
2554 1333 2707 1428 quin
2762 1355 2889 1402 uo-

647 1464 798 1511 meu
853 1438 1060 1536 patris
1112 1437 1340 1534 quaeri
1393 1443 1725 1532 oporteat.
1827 1429 1965 1526 Et,
2018 1437 2079 1507 si
2130 1433 2252 1524 δέ,
2315 1434 2489 1532 quod
2541 1432 2888 1506 Boeckhio

646 1549 803 1639 post
851 1534 1017 1621 υἱός
1067 1539 1383 1634 scriptum
1437 1536 1822 1628 videbatur,
1893 1537 2028 1609 alio
2081 1538 2231 1609 loco
2284 1537 2573 1634 positam
2625 1533 2890 1631 putabi-

601 1666 833 1733 ·mus,
919 1641 1036 1711 vix
1103 1639 1455 1737 quidquam
1517 1638 1796 1734 propius
1863 1637 1946 1708 ad
2025 1640 2335 1713 ΥΙΟΣΔ
2348 1643 2481 1709 ΥΣ
2486 1638 2694 1711 TON
2692 1637 2895 1710 OEN

645 1743 1035 1834 accesserit,
1090 1761 1283 1837 quam
1347 1742 1599 1815 ΥΙΟΣ
1640 1736 2275 1814 ΑΡΙΣΤΩΝΟΣ
2307 1738 2430 1812 A³.
2535 1737 2730 1829 Quod
2770 1760 2893 1808 au·
3012 1754 3029 1777 ⁰

647 1852 784 1916 tem
833 1844 902 1914 iu
957 1842 1286 1940 principio
1341 1841 1830 1937 epigrammatis
1885 1848 1989 1911 est
2037 1836 2412 1937 ὑπνώδης,
2465 1840 2593 1911 etsi
2634 1837 2894 1935 simpli-

650 1945 796 2017 cius
850 1953 917 2016 et
968 1944 1187 2040 aptius
1241 1942 1487 2014 dictum
1540 1948 1720 2012 esset
1769 1938 2177 2028 ὑπνωθείς,
2229 1950 2490 2033 tamen,
2558 1941 2618 2013 si
2666 1948 2774 2012 est
2821 1940 2891 2011 in

650 2045 904 2142 lapide,
956 2069 1089 2117 uon
1142 2051 1245 2115 est
1296 2066 1686 2140 perperam,
1760 2042 1878 2114 sed
1932 2045 2262 2139 exquisite
2314 2043 2586 2115 dictum.
2691 2029 2891 2114 Certe

651 2145 739 2219 de
792 2147 928 2219 alto
981 2170 1212 2218 somno
1278 2145 1525 2217 dietum
1577 2143 1840 2214 videtur
1878 2145 2202 2240 quamvis
2251 2143 2323 2216 in
2372 2150 2689 2240 corrupto
2740 2143 2890 2214 loco

650 2247 1027 2345 Euripidis,
1059 2246 1257 2344 ‘apud
1310 2270 1503 2342 quem
1553 2244 1731 2342 quod
1783 2246 1854 2317 in
1887 2244 2183 2318 Hercule
2234 2245 2494 2317 furente
2552 2270 2612 2316 v.
2671 2246 2891 2319 1048.

642 2351 971 2477 scriptum
1023 2356 1169 2440 est,
1233 2344 1337 2444 μὴ
1387 2344 1524 2421 τὸν
1575 2340 1660 2419 εὗ
1708 2342 2076 2421 ὃιαυόντα
2127 2342 2479 2422 ὑπνώδεά
2540 2345 2616 2419 τ’
2676 2344 2895 2427 εῧνᾶς

650 2452 994 2553 dyacona,
1046 2450 1332 2524 fortasse
1385 2449 1469 2559 ad
1520 2443 1697 2521 hune
1746 2449 2009 2521 modum
2062 2449 2311 2548 corrigi
2361 2449 2652 2546 poterit:

1468 2595 1573 2693 μὴ
1628 2596 1767 2673 τὸν
1817 2592 1900 2672 εὖ
1949 2627 2030 2672 τε

1156 2691 1562 2795 χῦπνιόδεα
1616 2693 1985 2773 διϊαύοντ’

1169 2798 1395 2881 εὐνᾶς
1445 2795 1780 2900 ἐγείρετ’.

863 2948 1005 3024 Sed
1056 2949 1210 3023 finis
1259 2948 1604 3022 faciendus
1656 2958 1761 3024 est
1810 2949 1967 3023 huie
2015 2950 2277 3043 libello,
2327 2975 2415 3025 ex
2469 2974 2598 3047 quo
2648 2973 2899 3046 eogno-

664 3052 766 3126 sci
816 3053 1106 3150 poterit,
1174 3052 1424 3149 duplex
1475 3073 1629 3158 esse
1678 3060 1876 3147 atque
1928 3060 2003 3125 ut
2053 3054 2312 3151 origine
2362 3053 2735 3145 diversum,
2802 3051 2900 3122 sie

662 3155 986 3228 dissimile
1038 3161 1274 3227 natura
1325 3151 1615 3225 studium
1665 3153 2039 3227 refellendi.

1193 3645 2381 3734 ADDITAMENTUM.

871 3947 1122 4032 'Denuo
1173 3966 1578 4057 pertractata
1628 3959 1795 4032 haee
1845 3958 2145 4056 quaestio
2198 3969 2301 4033 est
2351 3984 2392 4032 a
2442 3957 2659 4057 Greg.
2708 3956 2904 4032 Guil.

677 4058 1027 4137 Nitzsohio
1078 4063 1148 4133 in
1197 4060 1428 4134 Indice
1478 4062 1848 4134 scholaram
1892 4062 2281 4134 aestivarum
2323 4062 2721 4136 Academiae
2768 4060 2910 4130 ‹ki-

682 4163 919 4237 liensis
984 4186 1045 4237 a.
1112 4160 1859 4237 MDCCCXXXVII.
1924 4163 2065 4236 sive
2126 4163 2198 4236 in
2261 4163 2760 4238 Meletematum
2824 4160 2905 4231 de

687 4265 968 4338 historia
1016 4262 1294 4337 Homeri
1360 4264 1681 4336 fasciculo
1745 4265 2117 4361 posteriore
2181 4289 2253 4362 p.
2311 4268 2455 4340 132
2507 4288 2705 4363 seqq..
2815 4261 2907 4333 Ei

577 4411 582 4418 ·
691 4369 896 4464 plume
941 4389 1249 4441 assensus
1299 4373 1404 4478 est
1442 4364 1564 4436 Fr.
1599 4365 1972 4440 Ritsehlius
2021 4367 2091 4438 in
2141 4367 2369 4441 libello
2422 4365 2504 4441 de
2554 4363 2908 4442 bibliothe-
