<?xml version="1.0" encoding="UTF-8"?>
<!DOCTYPE html PUBLIC "-//W3C//DTD XHTML 1.0 Transitional//EN"
    "http://www.w3.org/TR/xhtml1/DTD/xhtml1-transitional.dtd">
<html xmlns="http://www.w3.org/1999/xhtml" xml:lang="en" lang="en">
 <head>
  <title>
</title>
<meta http-equiv="Content-Type" content="text/html;charset=utf-8" />
  <meta name='ocr-system' content='tesseract 3.04.00' />
  <meta name='ocr-capabilities' content='ocr_page ocr_carea ocr_par ocr_line ocrx_word'/>
</head>
<body>
  <div class='ocr_page' id='page_1' title='image "./godofrediherman00fritgoog_0198.png"; bbox 0 0 3192 4992; ppageno 0'>
   <div class='ocr_carea' id='block_1_1' title="bbox 614 329 2471 445">
    <p class='ocr_par' dir='ltr' id='par_1_1' title="bbox 614 329 2471 445">
     <span class='ocr_line' id='line_1_1' title="bbox 614 329 2471 445; baseline -0.008 0"><span class='ocrx_word' id='word_1_1' title='bbox 614 376 740 445; x_wconf 77' lang='grc'><strong>186</strong></span> <span class='ocrx_word' id='word_1_2' title='bbox 915 353 930 366; x_wconf 75' lang='grc'><strong>“</strong></span> <span class='ocrx_word' id='word_1_3' title='bbox 967 378 1069 438; x_wconf 78' lang='lat' dir='ltr'><strong>DE</strong></span> <span class='ocrx_word' id='word_1_4' title='bbox 1107 374 1405 438; x_wconf 81' lang='lat' dir='ltr'>DUABUS</span> <span class='ocrx_word' id='word_1_5' title='bbox 1447 329 2093 436; x_wconf 64' lang='lat' dir='ltr'><strong>mscmr‘rmmnn‘s</strong></span> <span class='ocrx_word' id='word_1_6' title='bbox 2137 371 2471 433; x_wconf 67' lang='lat' dir='ltr'><strong>omneis.</strong></span> 
     </span>
    </p>
   </div>
   <div class='ocr_carea' id='block_1_2' title="bbox 439 539 2861 4496">
    <p class='ocr_par' dir='ltr' id='par_1_2' title="bbox 439 539 2861 4496">
     <span class='ocr_line' id='line_1_2' title="bbox 610 539 2840 639; baseline -0.004 -19"><span class='ocrx_word' id='word_1_7' title='bbox 610 544 1087 620; x_wconf 86' lang='lat' dir='ltr'><strong>nientissimum</strong></span> <span class='ocrx_word' id='word_1_8' title='bbox 1139 549 1270 630; x_wconf 77' lang='lat' dir='ltr'><strong>est,</strong></span> <span class='ocrx_word' id='word_1_9' title='bbox 1317 540 1610 639; x_wconf 82' lang='lat' dir='ltr'><strong>peractis</strong></span> <span class='ocrx_word' id='word_1_10' title='bbox 1661 539 2068 639; x_wconf 80' lang='lat' dir='ltr'><strong>singularum</strong></span> <span class='ocrx_word' id='word_1_11' title='bbox 2118 547 2407 613; x_wconf 85' lang='lat' dir='ltr'><strong>aetatum</strong></span> <span class='ocrx_word' id='word_1_12' title='bbox 2457 539 2840 612; x_wconf 86' lang='lat' dir='ltr'><strong>certamini-</strong></span> 
     </span>
     <span class='ocr_line' id='line_1_3' title="bbox 613 641 2842 740; baseline -0.004 -19"><span class='ocrx_word' id='word_1_13' title='bbox 613 651 759 740; x_wconf 83' lang='lat' dir='ltr'><strong>bus,</strong></span> <span class='ocrx_word' id='word_1_14' title='bbox 814 648 1107 718; x_wconf 74' lang='lat' dir='ltr'><strong>delectos</strong></span> <span class='ocrx_word' id='word_1_15' title='bbox 1158 669 1243 716; x_wconf 80' lang='lat' dir='ltr'><strong>ex</strong></span> <span class='ocrx_word' id='word_1_16' title='bbox 1298 666 1552 740; x_wconf 85' lang='lat' dir='ltr'><strong>quaque</strong></span> <span class='ocrx_word' id='word_1_17' title='bbox 1604 641 1819 715; x_wconf 75' lang='lat' dir='ltr'><strong>aetate</strong></span> <span class='ocrx_word' id='word_1_18' title='bbox 1871 642 2104 734; x_wconf 85' lang='lat' dir='ltr'><strong>fuisse,</strong></span> <span class='ocrx_word' id='word_1_19' title='bbox 2158 643 2269 738; x_wconf 90' lang='lat' dir='ltr'><strong>qui</strong></span> <span class='ocrx_word' id='word_1_20' title='bbox 2319 663 2520 711; x_wconf 83' lang='lat' dir='ltr'><strong>unum</strong></span> <span class='ocrx_word' id='word_1_21' title='bbox 2568 642 2638 712; x_wconf 90' lang='lat' dir='ltr'><strong>in</strong></span> <span class='ocrx_word' id='word_1_22' title='bbox 2687 665 2842 713; x_wconf 88' lang='lat' dir='ltr'><strong>cer-</strong></span> 
     </span>
     <span class='ocr_line' id='line_1_4' title="bbox 612 742 2838 840; baseline -0.003 -18"><span class='ocrx_word' id='word_1_23' title='bbox 612 760 828 823; x_wconf 88' lang='lat' dir='ltr'><strong>tamen</strong></span> <span class='ocrx_word' id='word_1_24' title='bbox 871 747 1477 820; x_wconf 80' lang='lat' dir='ltr'><strong>committerentur.</strong></span> <span class='ocrx_word' id='word_1_25' title='bbox 1594 743 1694 820; x_wconf 87' lang='lat' dir='ltr'><strong>Et</strong></span> <span class='ocrx_word' id='word_1_26' title='bbox 1757 745 1905 840; x_wconf 88' lang='lat' dir='ltr'><strong>quis</strong></span> <span class='ocrx_word' id='word_1_27' title='bbox 1971 745 2262 835; x_wconf 82' lang='lat' dir='ltr'><strong>dubitet,</strong></span> <span class='ocrx_word' id='word_1_28' title='bbox 2333 742 2418 813; x_wconf 86' lang='lat' dir='ltr'><strong>ad</strong></span> <span class='ocrx_word' id='word_1_29' title='bbox 2479 742 2547 812; x_wconf 91' lang='lat' dir='ltr'><strong>id</strong></span> <span class='ocrx_word' id='word_1_30' title='bbox 2601 751 2838 838; x_wconf 85' lang='lat' dir='ltr'><strong>captos</strong></span> 
     </span>
     <span class='ocr_line' id='line_1_5' title="bbox 610 843 2839 944; baseline -0.004 -21"><span class='ocrx_word' id='word_1_31' title='bbox 610 876 758 923; x_wconf 86' lang='lat' dir='ltr'><strong>esse</strong></span> <span class='ocrx_word' id='word_1_32' title='bbox 810 874 953 937; x_wconf 74' lang='lat' dir='ltr'><strong>eoS,</strong></span> <span class='ocrx_word' id='word_1_33' title='bbox 1008 848 1119 944; x_wconf 89' lang='lat' dir='ltr'><strong>qui</strong></span> <span class='ocrx_word' id='word_1_34' title='bbox 1166 848 1236 919; x_wconf 90' lang='lat' dir='ltr'><strong>in</strong></span> <span class='ocrx_word' id='word_1_35' title='bbox 1289 865 1543 942; x_wconf 85' lang='lat' dir='ltr'><strong>quaque</strong></span> <span class='ocrx_word' id='word_1_36' title='bbox 1594 854 1810 928; x_wconf 77' lang='lat' dir='ltr'><strong>aetate</strong></span> <span class='ocrx_word' id='word_1_37' title='bbox 1861 846 2196 921; x_wconf 87' lang='lat' dir='ltr'><strong>minimum</strong></span> <span class='ocrx_word' id='word_1_38' title='bbox 2239 868 2280 915; x_wconf 88' lang='lat' dir='ltr'><strong>a</strong></span> <span class='ocrx_word' id='word_1_39' title='bbox 2320 844 2599 916; x_wconf 80' lang='lat' dir='ltr'><strong>victoria</strong></span> <span class='ocrx_word' id='word_1_40' title='bbox 2627 843 2839 915; x_wconf 88' lang='lat' dir='ltr'><strong>afuis-</strong></span> 
     </span>
     <span class='ocr_line' id='line_1_6' title="bbox 609 944 2836 1043; baseline -0.004 -18"><span class='ocrx_word' id='word_1_41' title='bbox 609 944 813 1025; x_wconf 78' lang='lat' dir='ltr'><strong>sent?</strong></span> <span class='ocrx_word' id='word_1_42' title='bbox 911 950 1020 1022; x_wconf 91' lang='lat' dir='ltr'><strong>Ita</strong></span> <span class='ocrx_word' id='word_1_43' title='bbox 1072 955 1142 1021; x_wconf 87' lang='lat' dir='ltr'><strong>et</strong></span> <span class='ocrx_word' id='word_1_44' title='bbox 1187 949 1299 1041; x_wconf 83' lang='lat' dir='ltr'><strong>iis,</strong></span> <span class='ocrx_word' id='word_1_45' title='bbox 1351 949 1463 1043; x_wconf 88' lang='lat' dir='ltr'><strong>qui</strong></span> <span class='ocrx_word' id='word_1_46' title='bbox 1511 947 1642 1018; x_wconf 91' lang='lat' dir='ltr'><strong>iam</strong></span> <span class='ocrx_word' id='word_1_47' title='bbox 1695 948 2013 1040; x_wconf 83' lang='lat' dir='ltr'><strong>vicerant,</strong></span> <span class='ocrx_word' id='word_1_48' title='bbox 2081 946 2386 1018; x_wconf 87' lang='lat' dir='ltr'><strong>manebat</strong></span> <span class='ocrx_word' id='word_1_49' title='bbox 2436 946 2714 1018; x_wconf 79' lang='lat' dir='ltr'><strong>victoria</strong></span> <span class='ocrx_word' id='word_1_50' title='bbox 2766 954 2836 1017; x_wconf 86' lang='lat' dir='ltr'><strong>et</strong></span> 
     </span>
     <span class='ocr_line' id='line_1_7' title="bbox 606 1046 2835 1149; baseline -0.003 -23"><span class='ocrx_word' id='word_1_51' title='bbox 606 1056 791 1141; x_wconf 87' lang='lat' dir='ltr'><strong>laus;</strong></span> <span class='ocrx_word' id='word_1_52' title='bbox 860 1047 972 1149; x_wconf 82' lang='lat' dir='ltr'><strong>qui</strong></span> <span class='ocrx_word' id='word_1_53' title='bbox 1022 1058 1256 1148; x_wconf 79' lang='lat' dir='ltr'><strong>autem</strong></span> <span class='ocrx_word' id='word_1_54' title='bbox 1299 1049 1587 1146; x_wconf 77' lang='lat' dir='ltr'><strong>proximi</strong></span> <span class='ocrx_word' id='word_1_55' title='bbox 1636 1047 1898 1121; x_wconf 88' lang='lat' dir='ltr'><strong>fuerant</strong></span> <span class='ocrx_word' id='word_1_56' title='bbox 1946 1071 1988 1120; x_wconf 84' lang='lat' dir='ltr'><strong>a</strong></span> <span class='ocrx_word' id='word_1_57' title='bbox 2037 1048 2437 1138; x_wconf 80' lang='lat' dir='ltr'><strong>victoribus,</strong></span> <span class='ocrx_word' id='word_1_58' title='bbox 2509 1046 2835 1119; x_wconf 82' lang='lat' dir='ltr'><strong>habebant</strong></span> 
     </span>
     <span class='ocr_line' id='line_1_8' title="bbox 654 1149 2830 1246; baseline -0.004 -19"><span class='ocrx_word' id='word_1_59' title='bbox 654 1154 1005 1243; x_wconf 88' lang='lat' dir='ltr'><strong>raemium,</strong></span> <span class='ocrx_word' id='word_1_60' title='bbox 1076 1159 1151 1223; x_wconf 91' lang='lat' dir='ltr'><strong>nt</strong></span> <span class='ocrx_word' id='word_1_61' title='bbox 1212 1151 1298 1222; x_wconf 89' lang='lat' dir='ltr'><strong>iis</strong></span> <span class='ocrx_word' id='word_1_62' title='bbox 1364 1151 1604 1222; x_wconf 83' lang='lat' dir='ltr'><strong>iterum</strong></span> <span class='ocrx_word' id='word_1_63' title='bbox 1673 1150 1943 1223; x_wconf 87' lang='lat' dir='ltr'><strong>daretur</strong></span> <span class='ocrx_word' id='word_1_64' title='bbox 1991 1149 2296 1222; x_wconf 86' lang='lat' dir='ltr'><strong>vincendi</strong></span> <span class='ocrx_word' id='word_1_65' title='bbox 2346 1149 2830 1246; x_wconf 82' lang='lat' dir='ltr'><strong>opportunitas.</strong></span> 
     </span>
     <span class='ocr_line' id='line_1_9' title="bbox 647 1249 2830 1348; baseline -0.004 -20"><span class='ocrx_word' id='word_1_66' title='bbox 647 1264 715 1328; x_wconf 90' lang='lat' dir='ltr'><strong>ta</strong></span> <span class='ocrx_word' id='word_1_67' title='bbox 762 1256 894 1326; x_wconf 89' lang='lat' dir='ltr'><strong>iam</strong></span> <span class='ocrx_word' id='word_1_68' title='bbox 942 1252 1378 1348; x_wconf 80' lang='lat' dir='ltr'><strong>intelligitur,</strong></span> <span class='ocrx_word' id='word_1_69' title='bbox 1447 1273 1574 1348; x_wconf 86' lang='lat' dir='ltr'><strong>qua</strong></span> <span class='ocrx_word' id='word_1_70' title='bbox 1624 1253 1881 1324; x_wconf 79' lang='lat' dir='ltr'><strong>ratione</strong></span> <span class='ocrx_word' id='word_1_71' title='bbox 1943 1252 2015 1323; x_wconf 87' lang='lat' dir='ltr'><strong>in</strong></span> <span class='ocrx_word' id='word_1_72' title='bbox 2066 1252 2575 1348; x_wconf 74' lang='lat' dir='ltr'><strong>epigrammate,</strong></span> <span class='ocrx_word' id='word_1_73' title='bbox 2657 1249 2830 1346; x_wconf 88' lang='lat' dir='ltr'><strong>quod</strong></span> 
     </span>
     <span class='ocr_line' id='line_1_10' title="bbox 606 1352 2832 1450; baseline -0.002 -21"><span class='ocrx_word' id='word_1_74' title='bbox 606 1357 1066 1446; x_wconf 83' lang='lat' dir='ltr'><strong>tractavimus,</strong></span> <span class='ocrx_word' id='word_1_75' title='bbox 1140 1356 1298 1446; x_wconf 88' lang='lat' dir='ltr'><strong>ille,</strong></span> <span class='ocrx_word' id='word_1_76' title='bbox 1366 1355 1477 1450; x_wconf 83' lang='lat' dir='ltr'><strong>qui</strong></span> <span class='ocrx_word' id='word_1_77' title='bbox 1529 1373 1710 1425; x_wconf 87' lang='lat' dir='ltr'><strong>arma</strong></span> <span class='ocrx_word' id='word_1_78' title='bbox 1759 1377 1879 1426; x_wconf 88' lang='lat' dir='ltr'><strong>sua</strong></span> <span class='ocrx_word' id='word_1_79' title='bbox 1929 1353 2295 1443; x_wconf 76' lang='lat' dir='ltr'><strong>dedicavit,</strong></span> <span class='ocrx_word' id='word_1_80' title='bbox 2365 1352 2701 1447; x_wconf 79' lang='lat' dir='ltr'><strong>quaternis</strong></span> <span class='ocrx_word' id='word_1_81' title='bbox 2751 1353 2832 1424; x_wconf 76' lang='grc' dir='ltr'><strong>ἐκ</strong></span> 
     </span>
     <span class='ocr_line' id='line_1_11' title="bbox 604 1453 2830 1552; baseline -0.004 -22"><span class='ocrx_word' id='word_1_82' title='bbox 604 1453 913 1530; x_wconf 78' lang='grc' dir='ltr'><em>πάντων</em></span> <span class='ocrx_word' id='word_1_83' title='bbox 963 1456 1258 1529; x_wconf 87' lang='lat' dir='ltr'><strong>victoriis</strong></span> <span class='ocrx_word' id='word_1_84' title='bbox 1310 1455 1586 1551; x_wconf 76' lang='lat' dir='ltr'><strong>gloriari</strong></span> <span class='ocrx_word' id='word_1_85' title='bbox 1651 1456 1983 1552; x_wconf 85' lang='lat' dir='ltr'><strong>potuerit,</strong></span> <span class='ocrx_word' id='word_1_86' title='bbox 2057 1475 2252 1551; x_wconf 88' lang='lat' dir='ltr'><strong>quum</strong></span> <span class='ocrx_word' id='word_1_87' title='bbox 2316 1454 2563 1524; x_wconf 84' lang='lat' dir='ltr'><strong>nullam</strong></span> <span class='ocrx_word' id='word_1_88' title='bbox 2613 1460 2830 1524; x_wconf 89' lang='lat' dir='ltr'><strong>tamen</strong></span> 
     </span>
     <span class='ocr_line' id='line_1_12' title="bbox 465 1555 2831 1654; baseline -0.003 -23"><span class='ocrx_word' id='word_1_89' title='bbox 465 1647 469 1652; x_wconf 7' lang='lat' dir='ltr'><strong>p</strong></span> <span class='ocrx_word' id='word_1_90' title='bbox 607 1560 801 1630; x_wconf 88' lang='lat' dir='ltr'><strong>aliam</strong></span> <span class='ocrx_word' id='word_1_91' title='bbox 854 1558 1128 1654; x_wconf 86' lang='lat' dir='ltr'><strong>adeptus</strong></span> <span class='ocrx_word' id='word_1_92' title='bbox 1180 1566 1357 1629; x_wconf 87' lang='lat' dir='ltr'><strong>esset</strong></span> <span class='ocrx_word' id='word_1_93' title='bbox 1412 1556 1773 1628; x_wconf 85' lang='lat' dir='ltr'><strong>victoriam.</strong></span> <span class='ocrx_word' id='word_1_94' title='bbox 1876 1555 2030 1629; x_wconf 88' lang='lat' dir='ltr'><strong>Nou</strong></span> <span class='ocrx_word' id='word_1_95' title='bbox 2081 1556 2249 1629; x_wconf 91' lang='lat' dir='ltr'><strong>enim</strong></span> <span class='ocrx_word' id='word_1_96' title='bbox 2290 1555 2525 1627; x_wconf 86' lang='lat' dir='ltr'><strong>fuisset</strong></span> <span class='ocrx_word' id='word_1_97' title='bbox 2566 1556 2831 1625; x_wconf 87' lang='lat' dir='ltr'><strong>omnino</strong></span> 
     </span>
     <span class='ocr_line' id='line_1_13' title="bbox 606 1648 2830 1754; baseline -0.001 -23"><span class='ocrx_word' id='word_1_98' title='bbox 606 1660 820 1732; x_wconf 85' lang='lat' dir='ltr'><strong>victor</strong></span> <span class='ocrx_word' id='word_1_99' title='bbox 870 1660 951 1732; x_wconf 76' lang='grc' dir='ltr'><strong>ἐκ</strong></span> <span class='ocrx_word' id='word_1_100' title='bbox 998 1655 1328 1754; x_wconf 57' lang='grc' dir='ltr'><strong>πάντων,</strong></span> <span class='ocrx_word' id='word_1_101' title='bbox 1382 1659 1441 1729; x_wconf 88' lang='lat' dir='ltr'><strong>si</strong></span> <span class='ocrx_word' id='word_1_102' title='bbox 1493 1658 1764 1731; x_wconf 86' lang='lat' dir='ltr'><strong>vicisset</strong></span> <span class='ocrx_word' id='word_1_103' title='bbox 1813 1666 1965 1730; x_wconf 87' lang='lat' dir='ltr'><strong>ante</strong></span> <span class='ocrx_word' id='word_1_104' title='bbox 2017 1681 2209 1754; x_wconf 88' lang='lat' dir='ltr'><strong>quam</strong></span> <span class='ocrx_word' id='word_1_105' title='bbox 2259 1657 2380 1728; x_wconf 88' lang='lat' dir='ltr'><strong>illa</strong></span> <span class='ocrx_word' id='word_1_106' title='bbox 2415 1657 2495 1728; x_wconf 77' lang='grc' dir='ltr'><strong>ἐκ</strong></span> <span class='ocrx_word' id='word_1_107' title='bbox 2521 1648 2830 1732; x_wconf 73' lang='grc' dir='ltr'><em>πάντων</em></span> 
     </span>
     <span class='ocr_line' id='line_1_14' title="bbox 604 1761 1531 1834; baseline -0.004 0"><span class='ocrx_word' id='word_1_108' title='bbox 604 1762 961 1834; x_wconf 88' lang='lat' dir='ltr'><strong>certamina</strong></span> <span class='ocrx_word' id='word_1_109' title='bbox 1008 1761 1531 1833; x_wconf 83' lang='lat' dir='ltr'><strong>instituerentur.</strong></span> 
     </span>
     <span class='ocr_line' id='line_1_15' title="bbox 555 1855 2829 1958; baseline -0.002 -24"><span class='ocrx_word' id='word_1_110' title='bbox 555 1939 560 1944; x_wconf 65' lang='grc'><em>,</em></span> <span class='ocrx_word' id='word_1_111' title='bbox 804 1861 1027 1934; x_wconf 88' lang='lat' dir='ltr'><strong>Multo</strong></span> <span class='ocrx_word' id='word_1_112' title='bbox 1079 1862 1457 1958; x_wconf 84' lang='lat' dir='ltr'><strong>impeditior</strong></span> <span class='ocrx_word' id='word_1_113' title='bbox 1520 1869 1588 1932; x_wconf 92' lang='lat' dir='ltr'><strong>et</strong></span> <span class='ocrx_word' id='word_1_114' title='bbox 1636 1859 1729 1952; x_wconf 27' lang='lat' dir='ltr'><strong>,ad</strong></span> <span class='ocrx_word' id='word_1_115' title='bbox 1781 1858 2254 1932; x_wconf 89' lang='lat' dir='ltr'><strong>restituendum</strong></span> <span class='ocrx_word' id='word_1_116' title='bbox 2307 1855 2646 1929; x_wconf 87' lang='lat' dir='ltr'><strong>difficilior</strong></span> <span class='ocrx_word' id='word_1_117' title='bbox 2696 1855 2829 1929; x_wconf 88' lang='lat' dir='ltr'><strong>alia</strong></span> 
     </span>
     <span class='ocr_line' id='line_1_16' title="bbox 602 1955 2829 2060; baseline -0.003 -25"><span class='ocrx_word' id='word_1_118' title='bbox 602 1987 688 2035; x_wconf 80' lang='lat' dir='ltr'><strong>ex</strong></span> <span class='ocrx_word' id='word_1_119' title='bbox 715 1959 1226 2036; x_wconf 86' lang='lat' dir='ltr'><strong>Fourmontanis</strong></span> <span class='ocrx_word' id='word_1_120' title='bbox 1277 1961 1624 2060; x_wconf 85' lang='lat' dir='ltr'><strong>inscriptio</strong></span> <span class='ocrx_word' id='word_1_121' title='bbox 1677 1970 1803 2053; x_wconf 90' lang='lat' dir='ltr'><strong>est,</strong></span> <span class='ocrx_word' id='word_1_122' title='bbox 1858 1985 2024 2058; x_wconf 83' lang='lat' dir='ltr'><strong>quae</strong></span> <span class='ocrx_word' id='word_1_123' title='bbox 2065 1970 2170 2033; x_wconf 89' lang='lat' dir='ltr'><strong>est</strong></span> <span class='ocrx_word' id='word_1_124' title='bbox 2212 1955 2385 2056; x_wconf 88' lang='lat' dir='ltr'><strong>apud</strong></span> <span class='ocrx_word' id='word_1_125' title='bbox 2412 1957 2829 2030; x_wconf 89' lang='lat' dir='ltr'><strong>Boeckhium</strong></span> 
     </span>
     <span class='ocr_line' id='line_1_17' title="bbox 495 2055 2828 2161; baseline -0.001 -28"><span class='ocrx_word' id='word_1_126' title='bbox 495 2063 667 2137; x_wconf 81' lang='lat'><strong>1211.</strong></span> <span class='ocrx_word' id='word_1_127' title='bbox 727 2065 846 2140; x_wconf 86' lang='lat'><strong>15.</strong></span> <span class='ocrx_word' id='word_1_128' title='bbox 898 2091 969 2161; x_wconf 90' lang='lat' dir='ltr'><strong>p.</strong></span> <span class='ocrx_word' id='word_1_129' title='bbox 1024 2067 1147 2140; x_wconf 84' lang='lat'><strong>34.</strong></span> <span class='ocrx_word' id='word_1_130' title='bbox 1248 2063 1425 2137; x_wconf 91' lang='lat' dir='ltr'><strong>Nolo</strong></span> <span class='ocrx_word' id='word_1_131' title='bbox 1480 2067 1825 2160; x_wconf 82' lang='lat' dir='ltr'><strong>repetere,</strong></span> <span class='ocrx_word' id='word_1_132' title='bbox 1900 2087 2063 2159; x_wconf 89' lang='lat' dir='ltr'><strong>quae</strong></span> <span class='ocrx_word' id='word_1_133' title='bbox 2132 2062 2444 2133; x_wconf 89' lang='lat' dir='ltr'><strong>adversus</strong></span> <span class='ocrx_word' id='word_1_134' title='bbox 2496 2055 2828 2133; x_wconf 80' lang='lat' dir='ltr'><strong>Boeckhii</strong></span> 
     </span>
     <span class='ocr_line' id='line_1_18' title="bbox 600 2157 2827 2261; baseline -0.003 -23"><span class='ocrx_word' id='word_1_135' title='bbox 600 2174 874 2238; x_wconf 88' lang='lat' dir='ltr'><strong>conatus</strong></span> <span class='ocrx_word' id='word_1_136' title='bbox 925 2191 963 2237; x_wconf 93' lang='lat' dir='ltr'><strong>a</strong></span> <span class='ocrx_word' id='word_1_137' title='bbox 1013 2191 1116 2238; x_wconf 89' lang='lat' dir='ltr'><strong>me</strong></span> <span class='ocrx_word' id='word_1_138' title='bbox 1170 2166 1346 2248; x_wconf 82' lang='lat' dir='ltr'><strong>dicta</strong></span> <span class='ocrx_word' id='word_1_139' title='bbox 1397 2175 1586 2237; x_wconf 83' lang='lat' dir='ltr'><strong>sunt:</strong></span> <span class='ocrx_word' id='word_1_140' title='bbox 1671 2190 1835 2261; x_wconf 88' lang='lat' dir='ltr'><strong>quos</strong></span> <span class='ocrx_word' id='word_1_141' title='bbox 1888 2173 1955 2236; x_wconf 88' lang='lat' dir='ltr'><strong>et</strong></span> <span class='ocrx_word' id='word_1_142' title='bbox 2019 2188 2144 2261; x_wconf 86' lang='lat' dir='ltr'><strong>ego</strong></span> <span class='ocrx_word' id='word_1_143' title='bbox 2195 2163 2340 2234; x_wconf 91' lang='lat' dir='ltr'><strong>iure</strong></span> <span class='ocrx_word' id='word_1_144' title='bbox 2397 2157 2555 2233; x_wconf 89' lang='lat' dir='ltr'><strong>mihi</strong></span> <span class='ocrx_word' id='word_1_145' title='bbox 2599 2161 2827 2233; x_wconf 86' lang='lat' dir='ltr'><strong>videor</strong></span> 
     </span>
     <span class='ocr_line' id='line_1_19' title="bbox 596 2263 2826 2364; baseline -0.003 -25"><span class='ocrx_word' id='word_1_146' title='bbox 596 2267 1126 2364; x_wconf 81' lang='lat' dir='ltr'><strong>reprehendisse,</strong></span> <span class='ocrx_word' id='word_1_147' title='bbox 1179 2292 1303 2339; x_wconf 89' lang='lat' dir='ltr'><strong>nec</strong></span> <span class='ocrx_word' id='word_1_148' title='bbox 1334 2265 1716 2339; x_wconf 87' lang='lat' dir='ltr'><strong>Boeckhius</strong></span> <span class='ocrx_word' id='word_1_149' title='bbox 1767 2268 1836 2338; x_wconf 91' lang='lat' dir='ltr'><strong>in</strong></span> <span class='ocrx_word' id='word_1_150' title='bbox 1864 2263 2252 2362; x_wconf 89' lang='lat' dir='ltr'><strong>Appendice</strong></span> <span class='ocrx_word' id='word_1_151' title='bbox 2304 2264 2502 2360; x_wconf 88' lang='lat' dir='ltr'><strong>primi</strong></span> <span class='ocrx_word' id='word_1_152' title='bbox 2546 2263 2826 2336; x_wconf 87' lang='lat' dir='ltr'><strong>volumi-</strong></span> 
     </span>
     <span class='ocr_line' id='line_1_20' title="bbox 597 2362 2823 2467; baseline -0.003 -26"><span class='ocrx_word' id='word_1_153' title='bbox 597 2371 702 2441; x_wconf 84' lang='lat' dir='ltr'><strong>nis</strong></span> <span class='ocrx_word' id='word_1_154' title='bbox 755 2367 1075 2467; x_wconf 87' lang='lat' dir='ltr'><strong>Corporis</strong></span> <span class='ocrx_word' id='word_1_155' title='bbox 1140 2396 1211 2467; x_wconf 89' lang='lat' dir='ltr'><strong>p.</strong></span> <span class='ocrx_word' id='word_1_156' title='bbox 1264 2372 1438 2443; x_wconf 77' lang='lat'><strong>882.</strong></span> <span class='ocrx_word' id='word_1_157' title='bbox 1507 2367 1820 2442; x_wconf 82' lang='lat' dir='ltr'><strong>defendit.</strong></span> <span class='ocrx_word' id='word_1_158' title='bbox 1892 2459 1895 2462; x_wconf 12' lang='lat' dir='ltr'><em>A</em></span> <span class='ocrx_word' id='word_1_159' title='bbox 1945 2366 2086 2440; x_wconf 87' lang='lat' dir='ltr'><strong>Sed</strong></span> <span class='ocrx_word' id='word_1_160' title='bbox 2151 2376 2367 2439; x_wconf 87' lang='lat' dir='ltr'><strong>tamen</strong></span> <span class='ocrx_word' id='word_1_161' title='bbox 2434 2362 2516 2436; x_wconf 91' lang='lat' dir='ltr'><strong>de</strong></span> <span class='ocrx_word' id='word_1_162' title='bbox 2566 2365 2823 2436; x_wconf 87' lang='lat' dir='ltr'><strong>ratione</strong></span> 
     </span>
     <span class='ocr_line' id='line_1_21' title="bbox 598 2463 2824 2569; baseline -0.002 -28"><span class='ocrx_word' id='word_1_163' title='bbox 598 2471 940 2544; x_wconf 87' lang='lat' dir='ltr'><strong>dicendum</strong></span> <span class='ocrx_word' id='word_1_164' title='bbox 994 2480 1096 2542; x_wconf 89' lang='lat' dir='ltr'><strong>est</strong></span> <span class='ocrx_word' id='word_1_165' title='bbox 1109 2524 1134 2563; x_wconf 90' lang='lat'><strong>,</strong></span> <span class='ocrx_word' id='word_1_166' title='bbox 1190 2496 1317 2569; x_wconf 90' lang='lat' dir='ltr'><strong>qua</strong></span> <span class='ocrx_word' id='word_1_167' title='bbox 1352 2472 1438 2542; x_wconf 86' lang='lat' dir='ltr'><strong>sit</strong></span> <span class='ocrx_word' id='word_1_168' title='bbox 1473 2470 1794 2542; x_wconf 89' lang='lat' dir='ltr'><strong>eiusmodi</strong></span> <span class='ocrx_word' id='word_1_169' title='bbox 1826 2469 2174 2567; x_wconf 78' lang='lat' dir='ltr'><strong>inscriptio</strong></span> <span class='ocrx_word' id='word_1_170' title='bbox 2214 2466 2580 2540; x_wconf 88' lang='lat' dir='ltr'><strong>tractanda.</strong></span> <span class='ocrx_word' id='word_1_171' title='bbox 2651 2463 2824 2538; x_wconf 89' lang='lat' dir='ltr'><strong>Nam</strong></span> 
     </span>
     <span class='ocr_line' id='line_1_22' title="bbox 598 2565 2823 2668; baseline -0.002 -26"><span class='ocrx_word' id='word_1_172' title='bbox 598 2573 769 2667; x_wconf 88' lang='lat' dir='ltr'><strong>quod</strong></span> <span class='ocrx_word' id='word_1_173' title='bbox 801 2572 1183 2645; x_wconf 87' lang='lat' dir='ltr'><strong>Boeckhius</strong></span> <span class='ocrx_word' id='word_1_174' title='bbox 1236 2573 1541 2668; x_wconf 82' lang='lat' dir='ltr'><strong>scripsit:</strong></span> <span class='ocrx_word' id='word_1_175' title='bbox 1611 2572 1929 2667; x_wconf 83' lang='lat' dir='ltr'><strong>„singula</strong></span> <span class='ocrx_word' id='word_1_176' title='bbox 1978 2571 2144 2643; x_wconf 89' lang='lat' dir='ltr'><strong>haec</strong></span> <span class='ocrx_word' id='word_1_177' title='bbox 2195 2577 2263 2640; x_wconf 89' lang='lat' dir='ltr'><strong>et</strong></span> <span class='ocrx_word' id='word_1_178' title='bbox 2315 2565 2604 2664; x_wconf 85' lang='lat' dir='ltr'><strong>quamvis</strong></span> <span class='ocrx_word' id='word_1_179' title='bbox 2657 2569 2823 2639; x_wconf 91' lang='lat' dir='ltr'><strong>mira</strong></span> 
     </span>
     <span class='ocr_line' id='line_1_23' title="bbox 594 2668 2821 2769; baseline -0.001 -26"><span class='ocrx_word' id='word_1_180' title='bbox 594 2672 977 2769; x_wconf 88' lang='lat' dir='ltr'><strong>„quomodo</strong></span> <span class='ocrx_word' id='word_1_181' title='bbox 1029 2673 1203 2744; x_wconf 89' lang='lat' dir='ltr'><strong>inter</strong></span> <span class='ocrx_word' id='word_1_182' title='bbox 1256 2698 1327 2744; x_wconf 90' lang='lat' dir='ltr'><strong>se</strong></span> <span class='ocrx_word' id='word_1_183' title='bbox 1381 2673 1688 2767; x_wconf 87' lang='lat' dir='ltr'><strong>componi</strong></span> <span class='ocrx_word' id='word_1_184' title='bbox 1740 2680 2035 2767; x_wconf 89' lang='lat' dir='ltr'><strong>possent,</strong></span> <span class='ocrx_word' id='word_1_185' title='bbox 2087 2678 2317 2767; x_wconf 88' lang='lat' dir='ltr'><strong>utpote</strong></span> <span class='ocrx_word' id='word_1_186' title='bbox 2350 2669 2417 2739; x_wconf 91' lang='lat' dir='ltr'><strong>in</strong></span> <span class='ocrx_word' id='word_1_187' title='bbox 2451 2668 2821 2764; x_wconf 83' lang='lat' dir='ltr'><strong>fragmento</strong></span> 
     </span>
     <span class='ocr_line' id='line_1_24' title="bbox 593 2771 2821 2868; baseline -0 -25"><span class='ocrx_word' id='word_1_188' title='bbox 593 2773 844 2866; x_wconf 88' lang='lat' dir='ltr'><strong>„nimis</strong></span> <span class='ocrx_word' id='word_1_189' title='bbox 894 2772 1125 2844; x_wconf 87' lang='lat' dir='ltr'><strong>mutilo</strong></span> <span class='ocrx_word' id='word_1_190' title='bbox 1178 2797 1308 2844; x_wconf 89' lang='lat' dir='ltr'><strong>non</strong></span> <span class='ocrx_word' id='word_1_191' title='bbox 1354 2772 1675 2868; x_wconf 86' lang='lat' dir='ltr'><strong>quaesivi,</strong></span> <span class='ocrx_word' id='word_1_192' title='bbox 1729 2774 1891 2844; x_wconf 89' lang='lat' dir='ltr'><strong>satis</strong></span> <span class='ocrx_word' id='word_1_193' title='bbox 1926 2772 2173 2843; x_wconf 87' lang='lat' dir='ltr'><strong>habens</strong></span> <span class='ocrx_word' id='word_1_194' title='bbox 2202 2771 2577 2867; x_wconf 88' lang='lat' dir='ltr'><strong>repperisse</strong></span> <span class='ocrx_word' id='word_1_195' title='bbox 2617 2795 2821 2866; x_wconf 89' lang='lat' dir='ltr'><strong>quae-</strong></span> 
     </span>
     <span class='ocr_line' id='line_1_25' title="bbox 593 2869 2819 2969; baseline 0 -25"><span class='ocrx_word' id='word_1_196' title='bbox 593 2874 823 2967; x_wconf 89' lang='lat' dir='ltr'><strong>„dam,</strong></span> <span class='ocrx_word' id='word_1_197' title='bbox 879 2897 1043 2969; x_wconf 89' lang='lat' dir='ltr'><strong>quae</strong></span> <span class='ocrx_word' id='word_1_198' title='bbox 1096 2882 1319 2945; x_wconf 88' lang='lat' dir='ltr'><strong>essent</strong></span> <span class='ocrx_word' id='word_1_199' title='bbox 1368 2898 1455 2945; x_wconf 85' lang='lat' dir='ltr'><strong>ex</strong></span> <span class='ocrx_word' id='word_1_200' title='bbox 1508 2872 1737 2944; x_wconf 89' lang='lat' dir='ltr'><strong>eodem</strong></span> <span class='ocrx_word' id='word_1_201' title='bbox 1789 2897 2033 2969; x_wconf 86' lang='lat' dir='ltr'><strong>genere</strong></span> <span class='ocrx_word' id='word_1_202' title='bbox 2083 2871 2332 2969; x_wconf 88' lang='lat' dir='ltr'><strong>petita,</strong></span> <span class='ocrx_word' id='word_1_203' title='bbox 2404 2869 2517 2943; x_wconf 84' lang='lat' dir='ltr'><strong>vix</strong></span> <span class='ocrx_word' id='word_1_204' title='bbox 2568 2895 2700 2943; x_wconf 93' lang='lat' dir='ltr'><strong>uno</strong></span> <span class='ocrx_word' id='word_1_205' title='bbox 2752 2880 2819 2944; x_wconf 91' lang='lat' dir='ltr'><strong>et</strong></span> 
     </span>
     <span class='ocr_line' id='line_1_26' title="bbox 451 2971 2819 3073; baseline -0 -28"><span class='ocrx_word' id='word_1_206' title='bbox 451 2991 458 3002; x_wconf 89' lang='grc'><em>“</em></span> <span class='ocrx_word' id='word_1_207' title='bbox 592 2977 862 3068; x_wconf 88' lang='lat' dir='ltr'><strong>„altero</strong></span> <span class='ocrx_word' id='word_1_208' title='bbox 923 2976 995 3046; x_wconf 90' lang='lat' dir='ltr'><strong>iu</strong></span> <span class='ocrx_word' id='word_1_209' title='bbox 1060 2973 1440 3073; x_wconf 79' lang='lat' dir='ltr'><strong>apographo</strong></span> <span class='ocrx_word' id='word_1_210' title='bbox 1494 2971 1926 3068; x_wconf 89' lang='lat' dir='ltr'><strong>Fourmonti,</strong></span> <span class='ocrx_word' id='word_1_211' title='bbox 2014 2975 2125 3070; x_wconf 89' lang='lat' dir='ltr'><strong>qni</strong></span> <span class='ocrx_word' id='word_1_212' title='bbox 2187 2975 2393 3045; x_wconf 88' lang='lat' dir='ltr'><strong>multa</strong></span> <span class='ocrx_word' id='word_1_213' title='bbox 2457 2971 2819 3068; x_wconf 86' lang='lat' dir='ltr'><strong>depravare</strong></span> 
     </span>
     <span class='ocr_line' id='line_1_27' title="bbox 592 3071 2815 3173; baseline -0.001 -24"><span class='ocrx_word' id='word_1_214' title='bbox 592 3078 823 3170; x_wconf 89' lang='lat' dir='ltr'><strong>„solet</strong></span> <span class='ocrx_word' id='word_1_215' title='bbox 838 3099 864 3168; x_wconf 78' lang='lat'><strong>,‘</strong></span> <span class='ocrx_word' id='word_1_216' title='bbox 907 3078 1124 3173; x_wconf 45' lang='lat' dir='ltr'><strong>2apice</strong></span> <span class='ocrx_word' id='word_1_217' title='bbox 1175 3083 1536 3149; x_wconf 71' lang='lat' dir='ltr'><strong>mutato‘:“</strong></span> <span class='ocrx_word' id='word_1_218' title='bbox 1604 3073 1675 3147; x_wconf 90' lang='lat' dir='ltr'><strong>id</strong></span> <span class='ocrx_word' id='word_1_219' title='bbox 1739 3076 1954 3173; x_wconf 89' lang='lat' dir='ltr'><strong>ipsum</strong></span> <span class='ocrx_word' id='word_1_220' title='bbox 2007 3085 2146 3169; x_wconf 90' lang='lat' dir='ltr'><strong>est,</strong></span> <span class='ocrx_word' id='word_1_221' title='bbox 2223 3074 2393 3172; x_wconf 89' lang='lat' dir='ltr'><strong>quod</strong></span> <span class='ocrx_word' id='word_1_222' title='bbox 2446 3071 2815 3147; x_wconf 86' lang='lat' dir='ltr'><strong>faciendum</strong></span> 
     </span>
     <span class='ocr_line' id='line_1_28' title="bbox 587 3177 2815 3276; baseline -0.002 -25"><span class='ocrx_word' id='word_1_223' title='bbox 587 3203 741 3264; x_wconf 64' lang='lat' dir='ltr'><strong>=esse</strong></span> <span class='ocrx_word' id='word_1_224' title='bbox 792 3203 991 3276; x_wconf 85' lang='lat' dir='ltr'><strong>nego.</strong></span> <span class='ocrx_word' id='word_1_225' title='bbox 1045 3259 1049 3264; x_wconf 50' lang='grc'>,</span> <span class='ocrx_word' id='word_1_226' title='bbox 1093 3177 1362 3250; x_wconf 90' lang='lat' dir='ltr'><strong>Etenim</strong></span> <span class='ocrx_word' id='word_1_227' title='bbox 1415 3203 1543 3275; x_wconf 89' lang='lat' dir='ltr'><strong>quo</strong></span> <span class='ocrx_word' id='word_1_228' title='bbox 1596 3177 1806 3274; x_wconf 87' lang='lat' dir='ltr'><strong>magis</strong></span> <span class='ocrx_word' id='word_1_229' title='bbox 1858 3179 2024 3250; x_wconf 87' lang='lat' dir='ltr'><strong>mira</strong></span> <span class='ocrx_word' id='word_1_230' title='bbox 2075 3186 2251 3268; x_wconf 92' lang='lat' dir='ltr'><strong>sunt,</strong></span> <span class='ocrx_word' id='word_1_231' title='bbox 2307 3200 2566 3273; x_wconf 90' lang='lat' dir='ltr'><strong>quoque</strong></span> <span class='ocrx_word' id='word_1_232' title='bbox 2601 3177 2815 3247; x_wconf 89' lang='lat' dir='ltr'><strong>minus</strong></span> 
     </span>
     <span class='ocr_line' id='line_1_29' title="bbox 441 3278 2812 3396; baseline -0.001 -45"><span class='ocrx_word' id='word_1_233' title='bbox 441 3359 446 3368; x_wconf 49' lang='grc'><em>,</em></span> <span class='ocrx_word' id='word_1_234' title='bbox 589 3281 766 3353; x_wconf 88' lang='lat' dir='ltr'><strong>inter</strong></span> <span class='ocrx_word' id='word_1_235' title='bbox 816 3305 887 3353; x_wconf 87' lang='lat' dir='ltr'><strong>se</strong></span> <span class='ocrx_word' id='word_1_236' title='bbox 943 3281 1384 3353; x_wconf 88' lang='lat' dir='ltr'><strong>conciliabilia</strong></span> <span class='ocrx_word' id='word_1_237' title='bbox 1450 3304 1615 3376; x_wconf 88' lang='lat' dir='ltr'><strong>quae</strong></span> <span class='ocrx_word' id='word_1_238' title='bbox 1686 3280 1832 3376; x_wconf 87' lang='lat' dir='ltr'><strong>quis</strong></span> <span class='ocrx_word' id='word_1_239' title='bbox 1885 3305 1958 3352; x_wconf 90' lang='lat' dir='ltr'><strong>se</strong></span> <span class='ocrx_word' id='word_1_240' title='bbox 2024 3280 2273 3376; x_wconf 87' lang='lat' dir='ltr'><strong>scripta</strong></span> <span class='ocrx_word' id='word_1_241' title='bbox 2323 3278 2546 3349; x_wconf 85' lang='lat' dir='ltr'><strong>videre</strong></span> <span class='ocrx_word' id='word_1_242' title='bbox 2598 3285 2812 3396; x_wconf 78' lang='lat' dir='ltr'><strong>putet,</strong></span> 
     </span>
     <span class='ocr_line' id='line_1_30' title="bbox 523 3371 2818 3478; baseline 0.002 -31"><span class='ocrx_word' id='word_1_243' title='bbox 523 3443 526 3447; x_wconf 86' lang='lat'><strong>.</strong></span> <span class='ocrx_word' id='word_1_244' title='bbox 590 3407 670 3455; x_wconf 90' lang='lat' dir='ltr'><strong>eo</strong></span> <span class='ocrx_word' id='word_1_245' title='bbox 737 3383 856 3453; x_wconf 84' lang='lat' dir='ltr'><strong>ina</strong></span> <span class='ocrx_word' id='word_1_246' title='bbox 921 3383 1130 3478; x_wconf 85' lang='lat' dir='ltr'><strong>magis</strong></span> <span class='ocrx_word' id='word_1_247' title='bbox 1198 3392 1505 3475; x_wconf 85' lang='lat' dir='ltr'><strong>suspecta</strong></span> <span class='ocrx_word' id='word_1_248' title='bbox 1571 3405 1718 3452; x_wconf 87' lang='lat' dir='ltr'><strong>esse</strong></span> <span class='ocrx_word' id='word_1_249' title='bbox 1786 3379 2061 3474; x_wconf 88' lang='lat' dir='ltr'><strong>debent,</strong></span> <span class='ocrx_word' id='word_1_250' title='bbox 2108 3371 2524 3477; x_wconf 59' lang='lat' dir='ltr'><strong>&#39;praesertim</strong></span> <span class='ocrx_word' id='word_1_251' title='bbox 2574 3405 2673 3470; x_wconf 74' lang='lat' dir='ltr'><strong>si,</strong></span> <span class='ocrx_word' id='word_1_252' title='bbox 2740 3390 2818 3451; x_wconf 89' lang='lat' dir='ltr'><strong>ut</strong></span> 
     </span>
     <span class='ocr_line' id='line_1_31' title="bbox 588 3479 2816 3581; baseline -0.001 -25"><span class='ocrx_word' id='word_1_253' title='bbox 588 3479 851 3581; x_wconf 86' lang='lat' dir='ltr'><strong>scripta</strong></span> <span class='ocrx_word' id='word_1_254' title='bbox 889 3508 1034 3556; x_wconf 88' lang='lat' dir='ltr'><strong>esse</strong></span> <span class='ocrx_word' id='word_1_255' title='bbox 1089 3484 1345 3575; x_wconf 77' lang='lat' dir='ltr'><strong>credaS,</strong></span> <span class='ocrx_word' id='word_1_256' title='bbox 1396 3483 1750 3554; x_wconf 85' lang='lat' dir='ltr'><strong>inusitatae</strong></span> <span class='ocrx_word' id='word_1_257' title='bbox 1791 3484 2256 3581; x_wconf 83' lang='lat' dir='ltr'><strong>inauditaeque</strong></span> <span class='ocrx_word' id='word_1_258' title='bbox 2292 3482 2637 3554; x_wconf 86' lang='lat' dir='ltr'><strong>verborum</strong></span> <span class='ocrx_word' id='word_1_259' title='bbox 2670 3480 2816 3553; x_wconf 88' lang='lat' dir='ltr'><strong>for-</strong></span> 
     </span>
     <span class='ocr_line' id='line_1_32' title="bbox 586 3581 2861 3681; baseline 0 -25"><span class='ocrx_word' id='word_1_260' title='bbox 586 3609 732 3657; x_wconf 88' lang='lat' dir='ltr'><strong>mae</strong></span> <span class='ocrx_word' id='word_1_261' title='bbox 798 3593 950 3656; x_wconf 87' lang='lat' dir='ltr'><strong>sunt</strong></span> <span class='ocrx_word' id='word_1_262' title='bbox 1026 3585 1452 3657; x_wconf 87' lang='lat' dir='ltr'><strong>adhibendae.</strong></span> <span class='ocrx_word' id='word_1_263' title='bbox 1576 3585 1997 3681; x_wconf 77' lang='lat' dir='ltr'><strong>Quapropter</strong></span> <span class='ocrx_word' id='word_1_264' title='bbox 2073 3586 2144 3656; x_wconf 90' lang='lat' dir='ltr'><strong>iu</strong></span> <span class='ocrx_word' id='word_1_265' title='bbox 2209 3581 2329 3656; x_wconf 89' lang='lat' dir='ltr'><strong>tali</strong></span> <span class='ocrx_word' id='word_1_266' title='bbox 2400 3605 2634 3657; x_wconf 84' lang='lat' dir='ltr'><strong>caussa</strong></span> <span class='ocrx_word' id='word_1_267' title='bbox 2699 3589 2861 3656; x_wconf 87' lang='lat' dir='ltr'><strong>aut.</strong></span> 
     </span>
     <span class='ocr_line' id='line_1_33' title="bbox 585 3683 2814 3787; baseline -0.001 -30"><span class='ocrx_word' id='word_1_268' title='bbox 585 3710 859 3783; x_wconf 82' lang='lat' dir='ltr'><strong>prorsus</strong></span> <span class='ocrx_word' id='word_1_269' title='bbox 927 3710 965 3757; x_wconf 95' lang='lat' dir='ltr'><strong>a</strong></span> <span class='ocrx_word' id='word_1_270' title='bbox 1031 3686 1297 3784; x_wconf 84' lang='lat' dir='ltr'><strong>legendi</strong></span> <span class='ocrx_word' id='word_1_271' title='bbox 1368 3694 1609 3787; x_wconf 81' lang='lat' dir='ltr'><strong>conatu</strong></span> <span class='ocrx_word' id='word_1_272' title='bbox 1679 3683 2170 3777; x_wconf 87' lang='lat' dir='ltr'><strong>abstinendum,</strong></span> <span class='ocrx_word' id='word_1_273' title='bbox 2259 3694 2373 3757; x_wconf 88' lang='lat' dir='ltr'><strong>aut</strong></span> <span class='ocrx_word' id='word_1_274' title='bbox 2441 3684 2814 3781; x_wconf 84' lang='lat' dir='ltr'><strong>quaerenda</strong></span> 
     </span>
     <span class='ocr_line' id='line_1_34' title="bbox 588 3786 2811 3885; baseline -0.001 -25"><span class='ocrx_word' id='word_1_275' title='bbox 588 3796 742 3860; x_wconf 87' lang='lat' dir='ltr'><strong>sunt</strong></span> <span class='ocrx_word' id='word_1_276' title='bbox 792 3811 895 3880; x_wconf 91' lang='lat' dir='ltr'><strong>ea,</strong></span> <span class='ocrx_word' id='word_1_277' title='bbox 950 3811 1114 3884; x_wconf 92' lang='lat' dir='ltr'><strong>quae</strong></span> <span class='ocrx_word' id='word_1_278' title='bbox 1168 3789 1227 3860; x_wconf 89' lang='lat' dir='ltr'><strong>si</strong></span> <span class='ocrx_word' id='word_1_279' title='bbox 1279 3789 1527 3885; x_wconf 88' lang='lat' dir='ltr'><strong>scripta</strong></span> <span class='ocrx_word' id='word_1_280' title='bbox 1579 3787 1737 3879; x_wconf 86' lang='lat' dir='ltr'><strong>sint,</strong></span> <span class='ocrx_word' id='word_1_281' title='bbox 1790 3787 2010 3884; x_wconf 89' lang='lat' dir='ltr'><strong>aliquo</strong></span> <span class='ocrx_word' id='word_1_282' title='bbox 2064 3794 2245 3860; x_wconf 89' lang='lat' dir='ltr'><strong>certe</strong></span> <span class='ocrx_word' id='word_1_283' title='bbox 2293 3795 2490 3884; x_wconf 90' lang='lat' dir='ltr'><strong>pacto</strong></span> <span class='ocrx_word' id='word_1_284' title='bbox 2527 3786 2613 3860; x_wconf 82' lang='lat' dir='ltr'><strong>ad</strong></span> <span class='ocrx_word' id='word_1_285' title='bbox 2646 3810 2811 3883; x_wconf 86' lang='lat' dir='ltr'><strong>pro-</strong></span> 
     </span>
     <span class='ocr_line' id='line_1_35' title="bbox 587 3883 2811 3990; baseline -0 -30"><span class='ocrx_word' id='word_1_286' title='bbox 587 3883 866 3988; x_wconf 88' lang='lat' dir='ltr'><strong>babilem</strong></span> <span class='ocrx_word' id='word_1_287' title='bbox 919 3891 1202 3986; x_wconf 87' lang='lat' dir='ltr'><strong>aliquam</strong></span> <span class='ocrx_word' id='word_1_288' title='bbox 1253 3890 1643 3962; x_wconf 82' lang='lat' dir='ltr'><strong>sententiam</strong></span> <span class='ocrx_word' id='word_1_289' title='bbox 1709 3890 2021 3987; x_wconf 83' lang='lat' dir='ltr'><strong>coniungi</strong></span> <span class='ocrx_word' id='word_1_290' title='bbox 2083 3889 2368 3990; x_wconf 76' lang='lat' dir='ltr'><strong>possint.</strong></span> <span class='ocrx_word' id='word_1_291' title='bbox 2469 3883 2811 3984; x_wconf 80' lang='lat' dir='ltr'><strong>Exemplo</strong></span> 
     </span>
     <span class='ocr_line' id='line_1_36' title="bbox 588 3989 2810 4089; baseline -0.001 -26"><span class='ocrx_word' id='word_1_292' title='bbox 588 3999 691 4063; x_wconf 89' lang='lat' dir='ltr'><strong>est</strong></span> <span class='ocrx_word' id='word_1_293' title='bbox 762 3997 977 4062; x_wconf 89' lang='lat' dir='ltr'><strong>autem</strong></span> <span class='ocrx_word' id='word_1_294' title='bbox 1039 3993 1206 4064; x_wconf 82' lang='lat' dir='ltr'><strong>haec</strong></span> <span class='ocrx_word' id='word_1_295' title='bbox 1270 4017 1527 4089; x_wconf 87' lang='lat' dir='ltr'><strong>quoque</strong></span> <span class='ocrx_word' id='word_1_296' title='bbox 1590 3989 1937 4088; x_wconf 87' lang='lat' dir='ltr'><strong>inscriptio</strong></span> <span class='ocrx_word' id='word_1_297' title='bbox 2009 3990 2411 4064; x_wconf 87' lang='lat' dir='ltr'><strong>commodam</strong></span> <span class='ocrx_word' id='word_1_298' title='bbox 2473 4009 2673 4085; x_wconf 87' lang='lat' dir='ltr'><strong>posse</strong></span> <span class='ocrx_word' id='word_1_299' title='bbox 2739 3997 2810 4060; x_wconf 89' lang='lat' dir='ltr'><strong>et</strong></span> 
     </span>
     <span class='ocr_line' id='line_1_37' title="bbox 587 4090 2808 4191; baseline -0.001 -26"><span class='ocrx_word' id='word_1_300' title='bbox 587 4091 1096 4191; x_wconf 86' lang='lat' dir='ltr'><strong>explicationem</strong></span> <span class='ocrx_word' id='word_1_301' title='bbox 1143 4094 1423 4185; x_wconf 86' lang='lat' dir='ltr'><strong>inveniri</strong></span> <span class='ocrx_word' id='word_1_302' title='bbox 1475 4101 1542 4166; x_wconf 92' lang='lat' dir='ltr'><strong>et</strong></span> <span class='ocrx_word' id='word_1_303' title='bbox 1591 4094 2113 4185; x_wconf 88' lang='lat' dir='ltr'><strong>restitutionem,</strong></span> <span class='ocrx_word' id='word_1_304' title='bbox 2177 4093 2238 4163; x_wconf 90' lang='lat' dir='ltr'><strong>si</strong></span> <span class='ocrx_word' id='word_1_305' title='bbox 2286 4092 2497 4189; x_wconf 87' lang='lat' dir='ltr'><strong>primo</strong></span> <span class='ocrx_word' id='word_1_306' title='bbox 2552 4090 2808 4164; x_wconf 88' lang='lat' dir='ltr'><strong>consti-</strong></span> 
     </span>
     <span class='ocr_line' id='line_1_38' title="bbox 587 4187 2805 4294; baseline -0.001 -27"><span class='ocrx_word' id='word_1_307' title='bbox 587 4195 763 4267; x_wconf 76' lang='lat' dir='ltr'><strong>tutis¹</strong></span> <span class='ocrx_word' id='word_1_308' title='bbox 817 4217 980 4294; x_wconf 87' lang='lat' dir='ltr'><strong>quae</strong></span> <span class='ocrx_word' id='word_1_309' title='bbox 1045 4195 1295 4291; x_wconf 90' lang='lat' dir='ltr'><strong>liquido</strong></span> <span class='ocrx_word' id='word_1_310' title='bbox 1362 4195 1610 4291; x_wconf 88' lang='lat' dir='ltr'><strong>scripta</strong></span> <span class='ocrx_word' id='word_1_311' title='bbox 1661 4195 1801 4292; x_wconf 83' lang='lat' dir='ltr'><strong>legi</strong></span> <span class='ocrx_word' id='word_1_312' title='bbox 1851 4200 2203 4292; x_wconf 88' lang='lat' dir='ltr'><strong>appareat,</strong></span> <span class='ocrx_word' id='word_1_313' title='bbox 2280 4189 2514 4265; x_wconf 87' lang='lat' dir='ltr'><strong>deinde</strong></span> <span class='ocrx_word' id='word_1_314' title='bbox 2567 4192 2646 4264; x_wconf 87' lang='lat' dir='ltr'><strong>ab</strong></span> <span class='ocrx_word' id='word_1_315' title='bbox 2698 4187 2805 4264; x_wconf 87' lang='lat' dir='ltr'><strong>his</strong></span> 
     </span>
     <span class='ocr_line' id='line_1_39' title="bbox 479 4294 2805 4394; baseline -0.002 -26"><span class='ocrx_word' id='word_1_316' title='bbox 479 4324 489 4336; x_wconf 80' lang='lat'><strong>·</strong></span> <span class='ocrx_word' id='word_1_317' title='bbox 591 4297 804 4368; x_wconf 88' lang='lat' dir='ltr'><strong>verbis</strong></span> <span class='ocrx_word' id='word_1_318' title='bbox 872 4320 1036 4392; x_wconf 89' lang='lat' dir='ltr'><strong>quae</strong></span> <span class='ocrx_word' id='word_1_319' title='bbox 1089 4303 1270 4368; x_wconf 89' lang='lat' dir='ltr'><strong>certa</strong></span> <span class='ocrx_word' id='word_1_320' title='bbox 1335 4298 1469 4370; x_wconf 90' lang='lat' dir='ltr'><strong>siut</strong></span> <span class='ocrx_word' id='word_1_321' title='bbox 1516 4297 1776 4368; x_wconf 90' lang='lat' dir='ltr'><strong>initium</strong></span> <span class='ocrx_word' id='word_1_322' title='bbox 1843 4297 2062 4394; x_wconf 87' lang='lat' dir='ltr'><strong>capiat</strong></span> <span class='ocrx_word' id='word_1_323' title='bbox 2108 4295 2532 4391; x_wconf 83' lang='lat' dir='ltr'><strong>investigatio</strong></span> <span class='ocrx_word' id='word_1_324' title='bbox 2583 4294 2805 4364; x_wconf 81' lang='lat' dir='ltr'><strong>incer-</strong></span> 
     </span>
     <span class='ocr_line' id='line_1_40' title="bbox 439 4395 2802 4496; baseline -0.003 -26"><span class='ocrx_word' id='word_1_325' title='bbox 439 4395 448 4412; x_wconf 84' lang='grc'><em>’</em></span> <span class='ocrx_word' id='word_1_326' title='bbox 546 4407 840 4492; x_wconf 53' lang='lat' dir='ltr'><strong>torum,</strong></span> <span class='ocrx_word' id='word_1_327' title='bbox 877 4464 881 4468; x_wconf 90' lang='lat'><strong>.</strong></span> <span class='ocrx_word' id='word_1_328' title='bbox 921 4398 1364 4496; x_wconf 90' lang='lat' dir='ltr'><strong>perditorum,</strong></span> <span class='ocrx_word' id='word_1_329' title='bbox 1438 4407 1927 4495; x_wconf 79' lang='lat' dir='ltr'><strong>corruptorum.</strong></span> <span class='ocrx_word' id='word_1_330' title='bbox 2046 4397 2372 4490; x_wconf 71' lang='lat' dir='ltr'><strong>Quoniam</strong></span> <span class='ocrx_word' id='word_1_331' title='bbox 2433 4397 2802 4488; x_wconf 79' lang='lat' dir='ltr'><strong>litterarum</strong></span> 
     </span>
    </p>
   </div>
  </div>
 </body>
</html>
