3192 4992
1966 0 2007 22 Ἰ...

571 372 734 466 214·
953 377 1057 438 nn
1093 349 1534 436 mennon
1574 370 2114 439 venenumque
2149 367 2458 449 Lmen.

595 543 806 639 lyrico
856 542 1110 634 tribuit,
1164 539 1609 638 dithyrambos
1655 539 1881 637 petius
1929 538 2137 610 fuisse
2158 537 2311 609 ida
2350 513 2644 608 dramata
2682 542 2830 608 tra-
2954 539 2963 556 ⁸

599 645 752 745 gica
802 641 1012 716 eredi‘
1036 651 1326 740 oportet.
1425 640 1687 714 Eodem
1749 664 1977 713 errore
2025 639 2442 711 Philoxenus
2491 638 2575 708 ab
2626 638 2830 709 seho-

597 747 797 818 liuta
823 744 1313 842 xAristophanis
1381 744 1465 814 ad
1513 743 1703 814 Pluti
1765 768 1833 813 v.
1862 732 2064 816 290.
2130 748 2200 812 et
2259 736 2416 810 inde
2480 739 2562 809 ab
2604 736 2829 814 saida

597 847 669 919 in
715 841 1192 943 θρεττανελό,
1243 841 1896 944 διθυραμβοποιρς
1928 840 1977 938 ἢ
2004 835 2825 943 τραγῳδοδιδασκαλός,

513 1030 527 1048 1
600 956 670 1021 et
717 948 791 1020 in
836 948 1073 1020 iisdem
1125 948 1397 1019 scholiis
1436 947 1662 1044 paullo
1706 954 1858 1018 ante
1896 940 2242 1045 τραγικὸς
2284 951 2578 1032 vocatur,
2627 950 2827 1038 atque

600 1048 767 1121 adeo
819 1050 902 1121 ad
955 1074 1019 1121 v.
1059 1048 1235 1123 298.
1284 1048 1450 1120 haee
1498 1048 1820 1142 legimus:
1871 1046 2212 1120 ἐνταῦθα
2253 1041 2296 1117 ὅ
2328 1042 2627 1139 ποιητὴς
2654 1069 2825 1116 παι·-

599 1148 942 1251 γνιωδῶς
989 1148 1310 1247 ἐπιφέρει
1358 1146 1454 1221 τὰ
1501 1156 1640 1222 τοῦ
1691 1146 2132 1235 Φιλοξένου,
2203 1140 2536 1228 εἰπόντος
2582 1140 2827 1239 πήραν

447 1321 460 1334 ,
599 1246 1005 1350 βαστάζειν
1066 1248 1203 1325 τὸν
1250 1246 1623 1324 Κύκλωπα
1685 1248 1814 1323 καὶ
1874 1245 2164 1344 λάχανα
2224 1245 2531 1321 ἐσθίειν.
2631 1244 2827 1321 οὕτω

598 1350 748 1455 γὰρ
810 1349 1149 1447 πεποίηκε
1211 1350 1346 1426 τὸν
1409 1359 1547 1425 τοῦ
1594 1347 1999 1434 Κύκλωπος
2058 1346 2465 1446 ὑποκριτὴν
2525 1351 2629 1431 εἰς
2689 1345 2830 1442 τὴν
2870 1345 2899 1374 “

604 1451 888 1549 σκηνὴν
920 1448 1413 1554 εἲςαγόμενον.
1499 1453 1791 1544 Quorum
1829 1462 2165 1551 postrema
2203 1454 2317 1522 vix
2352 1450 2638 1522 dubitari
2673 1456 2833 1546 pot-

607 1563 714 1627 est
763 1556 918 1652 quin
973 1556 1053 1625 ab
1104 1555 1254 1652 ipso
1306 1556 1464 1630 fieta
1514 1556 1649 1627 sint
1697 1555 1829 1626 isto
1879 1555 2268 1651 interprete,
2323 1553 2438 1648 qui
2472 1550 2831 1649 Cyclopem

607 1656 1083 1752 dithyrambum
1096 1708 1121 1748 ,
1204 1681 1396 1752 quem
1444 1656 1766 1728 Aelianus
1819 1654 1914 1727 V.
1964 1654 2057 1729 H.
2108 1653 2290 1726 XII.
2340 1657 2468 1727 44.
2518 1650 2606 1726 τὸ
2654 1648 2837 1726 κάλ-

606 1763 860 1831 λιστον
906 1756 1124 1854 μέλος
1171 1756 1530 1830 Philoxeni
1582 1757 1788 1829 fuisse
1841 1757 2028 1847 dicit,
2079 1756 2488 1853 tragoediam
2528 1779 2678 1827 esse
2704 1778 2834 1851 pu·-

606 1860 874 1931 taverit.
987 1859 1457 1955 Antigenidam
1510 1858 1904 1930 Thebanum
1955 1857 2201 1931 Suidas
2266 1857 2616 1930 auloedum
2663 1856 2838 1927 Phi-

606 1960 864 2052 loxeni,
916 1961 1166 2032 rectius
1195 1959 1645 2057 Harpocratio
1692 1960 2027 2032 tibicinem
2077 1959 2265 2031 dicit.
2365 1958 2477 2030 De
2515 1983 2596 2030 eo
2623 1957 2837 2053 Wyt-

608 2061 992 2134 tenbachius
1045 2061 1140 2132 ad‘
1176 2061 1526 2134 Plutarchi
1572 2086 1644 2158 p.
1701 2063 1874 2137 193.
1924 2059 2014 2133 F.
2065 2069 2135 2133 et
2180 2059 2528 2134 Iacobsius
2576 2059 2663 2132 ad
2689 2059 2841 2132 An-

608 2163 780 2236 thol.
831 2161 936 2234 II.
993 2167 1065 2238 l.
1116 2187 1187 2260 p.
1239 2166 1366 2238 57.
1421 2163 1755 2235 dixerunt.

809 2263 1049 2360 Pergit
1075 2264 1460 2336 Boeckhins
1486 2265 1618 2336 ita:
1673 2265 2094 2337 scholiastam
2122 2262 2619 2359 Aristophanis,
2671 2259 2838 2335 Sui-

613 2364 787 2456 dam‚
839 2364 1205 2456 Eudociam
1238 2365 1568 2448 Simonidi
1596 2364 1738 2438 Ceo
1788 2366 2077 2437 tribuere
2127 2364 2531 2460 tragoedias,
2584 2364 2667 2435 de
2710 2385 2838 2460 qua

610 2491 687 2539 re
739 2467 1035 2540 dubitare
1069 2466 1473 2562 Goensium:
1541 2468 1659 2539 sed
1703 2468 1856 2564 quid
1904 2466 2149 2563 opponi
2190 2489 2415 2562 posse,
2468 2466 2529 2538 si
2566 2465 2836 2562 lyricas,

611 2592 745 2642 non
812 2568 1205 2640 dramaticas
1271 2569 1649 2664 tragoedias
1714 2570 1848 2640 dici
1910 2561 2306 2664 putemusl'-
2368 2565 2592 2659 Sane,
2660 2566 2720 2638 si
2766 2565 2840 2638 id

612 2677 917 2765 putamus
936 2694 958 2738 ε
1026 2669 1141 2739 sed
1196 2692 1325 2763 quo
1378 2678 1763 2764 argumento
1814 2669 2223 2764 putabimus,
2293 2669 2426 2741 nisi
2476 2677 2670 2741 antea
2720 2668 2846 2740 de-

614 2776 1047 2839 monstratum
1113 2767 1315 2839 fuerit
1378 2767 1720 2840 eistitisse
1784 2770 2040 2865 aliquas
2102 2771 2344 2865 lyricas
2407 2771 2785 2867 tragoedias
2801 2762 2839 2841 P

564 2867 920 2942 (iSumitur
971 2892 1131 2965 ergo
1183 2869 1294 2941 hic
1343 2889 1604 2965 quoque
1654 2894 1776 2966 pro
1829 2872 2219 2968 explorato,
2290 2871 2467 2968 quod
2514 2897 2648 2945 non
2696 2877 2843 2944 erat

618 2971 1159 3042 demonstratum.
1261 2968 1398 3043 Sed
1456 2971 1786 3044 videamus
1836 2973 1966 3045 hoc
2030 2997 2287 3069 quoque
2352 2975 2546 3069 quale
2597 2974 2689 3046 sit
2736 2982 2843 3054 te-

618 3072 1021 3144 stimonium.
1119 3071 1321 3169 Apud
1370 3071 1740 3145 Eudociam
1791 3084 1860 3145 et
1906 3075 1980 3147 in
2028 3075 2314 3172 vulgatis
2348 3073 2598 3147 Suidae
2649 3075 2841 3147 libris

616 3172 866 3269 legitur
912 3171 1366 3275 τραγῳδίαω
1434 3174 1552 3246 sed
1604 3172 1855 3247 Suidae
1907 3176 2121 3249 codex
2169 3177 2261 3248 A.
2323 3187 2400 3248 ut
2448 3177 2845 3250 scholiastes

618 3275 1086 3372 Aristophanis
1139 3276 1221 3347 ad
1253 3275 1469 3373 Vesp.
1523 3279 1746 3351 1402.
1800 3303 1888 3349 ex
1945 3302 2073 3374 quo
2126 3302 2245 3349 sua
2296 3278 2649 3375 descripsit
2675 3276 2843 3351 Sui-

622 3377 765 3468 das,
818 3400 1088 3450 numero
1141 3378 1462 3474 singulari
1510 3379 1829 3474 praebent
1861 3376 2264 3480 τραγῳδία.
2366 3378 2450 3450 Id
2480 3381 2701 3478 magni
2729 3404 2846 3452 re-

621 3478 779 3550 fert.
879 3478 1047 3551 Nam
1099 3480 1298 3552 etiam
1346 3480 1758 3576 tragoediam
1807 3481 2096 3553 scribere
2148 3480 2496 3577 aliquando
2539 3490 2842 3555 conatum

623 3604 773 3652 esse
806 3577 1214 3653 Simonidem
1264 3581 1527 3654 minime
1579 3592 1684 3653 est
1732 3581 2144 3674 incredibile,
2196 3585 2395 3654 etiam
2446 3584 2505 3655 si
2538 3607 2683 3655 eam
2709 3607 2841 3655 non
2936 3641 2937 3646 ,

621 3681 692 3752 in
744 3705 1005 3754 scenam
1054 3682 1474 3778 produceret.
1577 3681 1778 3755 Certe
1845 3683 1903 3754 si
1970 3684 2179 3779 elegis
2250 3685 2645 3757 contendere
2695 3710 2842 3759 cnm

624 3780 965 3855 Simonide
1029 3784 1250 3880 potuit
1310 3783 1723 3879 Aeschylus,
1772 3785 2034 3881 'quidni
2099 3781 2476 3858 Simonides
2552 3788 2848 3861 scribens·

622 3886 915 3981 potuerit
965 3879 1427 3981 tragoediam?
1528 3883 1668 3957 Sed
1720 3886 1836 3957 ille
1888 3896 1962 3958 ut
2015 3911 2205 3958 unam
2257 3882 2638 3984 scripserit,
2688 3891 2845 3985 plu·-

493 4055 499 4074 ,
623 4009 734 4057 res
784 3985 845 4056 si
893 3985 1187 4079 fecisset,
1241 3987 1542 4083 profecto
1595 4012 1725 4060 non
1774 3986 2089 4080 fecisset,
2143 3990 2273 4062 nisi
2323 4000 2397 4061 ut
2446 3990 2842 4086 spectandae

626 4086 1115 4159 exhiberentur.
1216 4086 1300 4159 Id
1352 4113 1507 4161 vero
1572 4113 1704 4162 non
1762 4089 2007 4162 factum
2056 4114 2204 4163 esse
2255 4094 2691 4165 certissimum
2741 4092 2844 4162 vi-

629 4188 844 4261 detur.
945 4187 1123 4260 Tam
1187 4190 1429 4262 nobilis
1495 4191 1668 4262 enim
1722 4201 1960 4289 poetae
2012 4193 2536 4288 tragoediarum,
2608 4218 2735 4266 nec
2783 4193 2843 4264 si

626 4290 884 4383 bonae,
912 4313 1038 4363 nec
1088 4292 1148 4362 si
1197 4293 1406 4364 malae
1456 4292 1775 4385 fuissent,
1845 4293 2207 4367 interiisset
2259 4296 2598 4368 memoria.
2698 4294 2844 4367 Ista

541 4389 547 4396 ’
629 4390 859 4487 igitur,
910 4416 1078 4496 quae
1129 4392 1190 4465 si
1236 4394 1377 4465 ulla
1423 4395 1575 4490 fuit,
1625 4419 1758 4468 una
1805 4395 2010 4469 fuisse
2061 4396 2341 4494 videtur,
2390 4422 2523 4471 non
2574 4406 2679 4471 est
2724 4420 2846 4472 eur
