3192 4992
624 374 760 449 ns
950 337 1084 440 'nn
1123 375 1562 439 meorum
1604 325 2141 442 canonumque
2180 375 2477 436 Lmen.

629 572 696 620 c.
745 545 821 619 4.
885 535 968 616 de
1015 545 1280 641 poetica
1327 546 1414 643 ξ.
1443 543 1592 618 ·14.
1642 540 2003 643 γενομένη
2050 536 2190 616 οὖν
2239 540 2371 615 ἀπ’
2429 540 2664 638 ἀρχῆς
2716 541 2855 616 αὖ·
2922 629 2931 636 J

627 643 1180 741 τοοχοδιαστικὴ
1239 644 1367 719 καὶ
1415 642 1604 740 αὗτὴ
1666 643 1795 718 καὶ
1854 641 1902 740 ἡ
1949 641 2351 740 κωμῳδία,
2414 641 2462 738 ἢ
2512 640 2655 737 μὲν
2703 641 2855 718 ἀπὸ

627 755 786 823 τῶν
831 743 1300 843 ἐξαρχόντων
1343 744 1478 821 τὸν
1528 742 2058 844 διθύραμβον,
2121 743 2168 841 ἢ
2216 741 2303 818 δὲ
2354 741 2502 817 ἀπὸ
2548 751 2708 818 τῶν
2753 743 2854 818 τὰ
2924 825 2939 838 ‚

631 845 975 948 φαλλικά,
1026 891 1127 906 --
1186 846 1378 923 κατὰ
1425 845 1696 944 μικρὸν
1741 844 2070 944 ηὐξήθη,
2132 874 2325 944 προα
2376 841 2619 919 όντων
2662 843 2852 921 ὅσον

578 944 914 1054 9ἐγένετο
962 950 1294 1048 φανερδν
1343 950 1605 1046 αὐτῆς,
1678 959 1747 1022 et
1796 953 1880 1049 ξ.
1937 953 2058 1024 17.
2107 950 2215 1022 ἔτι
2265 945 2316 1022 ὃ
2395 945 2482 1021 τὸ
2532 944 2853 1047 μέγεθος

619 1055 707 1128 ἐκ
754 1060 1047 1150 μικρῶν
1096 1049 1378 1148 μύθων
1426 1052 1556 1126 καὶ
1605 1051 1855 1135 λέξεως
1901 1048 2213 1151 γελοίοις,
2265 1047 2394 1124 διὰ
2442 1045 2530 1123 τὸ
2580 1050 2661 1121 ἐκ
2707 1070 2847 1121 σα-
2975 1089 2985 1097 -

621 1161 931 1252 τυρικοῦ
992 1154 1463 1250 μεταβαλεῖν,
1538 1151 1677 1249 ὀψὲ
1742 1147 2241 1250 ἀπεσεμνιόθη
2258 1177 2275 1195 ·
2344 1147 2433 1224 τὸ
2495 1146 2665 1243 μὲν
2696 1146 2851 1250 γὰρ

621 1264 948 1352 πρῶτον·
981 1254 1450 1352 τετραμέτρῳ
1511 1257 1837 1350 ἐχρῶντο
1904 1253 2032 1328 διὰ
2096 1251 2185 1328 τὸ
2255 1249 2660 1350 σατυρικὴν
2718 1248 2851 1325 καὶ

624 1357 1257 1454 ὀρχηστικωτέραν
1323 1357 1513 1431 εἶναι
1571 1354 1713 1452 τὴν
1773 1352 2088 1452 ποίησιν.
2224 1353 2510 1429 Scilicet
2578 1360 2845 1426 cantate

624 1460 1030 1555 dithyramho
1079 1460 1287 1556 aliqui
1337 1484 1424 1532 ex
1476 1459 1679 1531 choro
1735 1459 1839 1532 vel
1887 1460 1957 1530 in
1988 1467 2352 1552 satyrorum
2390 1454 2682 1553 speciem
2724 1455 2849 1526 de-

622 1561 888 1634 formati
940 1562 1046 1634 vel
1077 1562 1301 1633 -aliter
1362 1561 1694 1634 imitantes
1760 1568 2125 1655 satyrorum
2186 1559 2603 1631 saltationem
2664 1553 2847 1627 ludi·-

621 1669 771 1735 cras
837 1663 1091 1759 aliquas
1154 1663 1432 1735 fabellas
1496 1687 1583 1733 ex
1646 1670 1942 1758 tempore
2008 1660 2477 1750 conserebant,
2546 1658 2617 1729 id
2666 1656 2847 1753 quod
2996 1701 3005 1706 -

620 1760 1230 1862 διαδραματίζειν
1278 1764 1440 1837 dicit
1488 1763 1857 1860 Diogenes,
1930 1786 2135 1859 usque
2189 1761 2337 1834 dum
2391 1759 2686 1856 Thespis
2735 1760 2844 1831 iu·-

620 1874 790 1938 stum
843 1889 1209 1937 sermonem
1259 1874 1730 1938 commentatus
1782 1872 1909 1957 est,
1964 1888 2154 1961 quem
2203 1862 2436 1935 histrio
2490 1860 2575 1933 ad
2623 1861 2693 1932 id
2734 1861 2846 1932 in-

621 1967 890 2039 stitutus
943 1974 1099 2064 apto
1152 1991 1299 2039 cum
1349 1976 1542 2065 gestu
1592 1966 1930 2038 recitaret.
2032 1962 2229 2052 Sunt·
2258 1988 2418 2060 ergo
2471 1964 2636 2035 haec
2687 1962 2844 2033 dra-

541 2087 548 2099 ·
617 2069 896 2140 maticae
960 2067 1340 2164 tragoediae
1403 2069 1632 2160 initia,
1702 2059 1915 2165 neque
1972 2066 2184 2137 ullum
2248 2064 2442 2161 lyrici
2498 2064 2842 2136 cuiusdam

618 2171 883 2266 generis
950 2177 1224 2267 apparet
1287 2170 1674 2264 vestigium3
1741 2182 1905 2260 nec,
1978 2166 2153 2265 quod
2200 2166 2584 2241 Athenaeus
2648 2165 2838 2258 dicit,

616 2271 1131 2368 antiquissimam
1180 2272 1586 2366 tragoediam
1639 2296 1726 2343 ex
1778 2271 1941 2343 solis
1993 2269 2213 2342 choris
2265 2269 2669 2359 constitisse,
2722 2290 2841 2340 ca·-

613 2373 957 2471 ruisseque
1008 2372 1475 2465 histrionibus,
1548 2374 1726 2444 aliud
1779 2373 2127 2469 quidquam
2193 2378 2333 2462 est,
2405 2394 2598 2467 quam
2662 2368 2838 2465 quod

613 2474 820 2548 refert
867 2474 1310 2567 Aristoteles,
1380 2474 1852 2570 dithyrambum
1918 2498 2065 2546 esse
2132 2496 2172 2544 a
2224 2472 2425 2544 choro
2478 2478 2834 2561 cantatum,

612 2577 1014 2648 intermixtis
1078 2577 1285 2666 iocis,
1367 2600 1531 2671 quos
1585 2577 1938 2648 chereutae
1990 2600 2077 2646 ex
2127 2582 2422 2670 tempore
2472 2572 2835 2662 iactarent=

615 2676 790 2770 quod
838 2675 1013 2745 idem
1064 2698 1192 2771 qua
1240 2677 1496 2747 ratione
1549 2676 1793 2747 factum
1843 2677 1933 2747 sit
1982 2676 2051 2747 in
2104 2676 2452 2772 phallieiS,
2507 2698 2596 2747 ex
2646 2671 2837 2746 Semi

614 2777 695 2847 de
772 2774 1130 2871 paeanibus
1207 2775 1379 2847 libro
1456 2777 1716 2847 rettulit
1788 2775 2170 2847 Athenaeus
2233 2773 2450 2848 XIV.
2516 2800 2588 2873 p.
2654 2777 2835 2850 622.

612 2876 833 2967 Quare
885 2876 946 2947 si
994 2889 1193 2973 porro
1228 2871 1612 2948 Boeckhius
1655 2877 1840 2970 dicit,
1891 2876 2062 2949 hanc
2093 2877 2365 2973 lyricam
2398 2877 2829 2972 tragoediam,

611 3001 778 3074 quae
830 3001 918 3049 ex
969 2978 1116 3050 solo
1160 2977 1362 3050 choro
1398 2979 1797 3071 constiterit,
1847 2980 1977 3050 iam
2010 2979 2206 3075 plane
2240 2978 2597 3076 perfectam
2624 2977 2831 3051 fuisse

608 3086 951 3176 antequam
983 3079 1221 3172 Attici,
1274 3104 1545 3176 quorum
1583 3080 1728 3152 sola
1762 3080 2116 3153 dramatica
2147 3082 2417 3178 propria
2447 3081 2560 3172 sit,
2606 3081 2832 3152 drama

608 3181 736 3279 sibi
786 3181 1296 3274 vindicaverint,
1350 3191 1645 3278 apertum
1697 3191 1800 3255 est
1850 3208 1996 3255 eum
2049 3183 2419 3280 opinionem
2469 3206 2654 3254 suam
2704 3206 2833 3280 pro

573 3309 681 3380 xre
734 3292 1069 3380 comperta
1118 3283 1386 3375 habere,
1440 3283 1740 3380 quodque
1792 3285 1935 3382 ipse
1987 3284 2334 3375 confinxit,
2392 3308 2540 3355 vere
2585 3283 2830 3357 factum

609 3409 755 3458 esse
806 3394 1066 3481 putare.
1165 3384 1420 3457 Adiicit
1471 3394 1724 3477 autem,
1795 3410 1981 3482 quae⁸
2026 3384 2107 3457 de
2159 3385 2501 3482 tragoedia
2553 3386 2825 3477 dixerit,

607 3487 805 3558 etiam
853 3487 922 3557 in
976 3487 1380 3559 comoediam
1430 3487 1707 3580 cadere,
1780 3487 2184 3560 comoediam
2234 3512 2491 3585 quoque
2541 3488 2828 3586 aliquam

603 3586 875 3685 lyricam
924 3586 1128 3661 fuisse
1181 3589 1436 3661 volens.

808 3687 1027 3762 Credo
1082 3714 1206 3787 ego
1262 3690 1545 3786 quidem,
1602 3690 1715 3787 qui
1765 3698 1954 3762 caute
2007 3689 2352 3786 sobrieque
2391 3687 2666 3781 iudicet,
2720 3689 2823 3760 fa·-

603 3790 732 3863 teri
784 3791 1060 3884 debere,
1128 3793 1186 3862 si
1238 3817 1370 3863 non
1436 3792 1585 3864 aliis
1653 3792 2052 3888 argumentis
2106 3792 2487 3863 ostendatur
2549 3791 2820 3887 lyricam

603 3892 889 3988 aliquam
937 3893 1043 3964 vel
1092 3894 1499 3990 tragoediam
1550 3893 1659 3966 vel
1708 3889 2107 3966 comoediam
2159 3892 2404 3985 fuisse,
2470 3918 2589 3986 ea,
2653 3916 2818 3991 quae

599 3994 749 4066 istis
800 3994 1165 4067 nominibus
1218 3995 1510 4092 appellat
1558 3994 1984 4087 Boeckhius,
2052 4002 2163 4066 aut
2227 3996 2422 4092 plane
2473 3995 2656 4067 nulla
2707 4002 2820 4069 aut

491 4116 497 4132 ·
596 4097 784 4195 ipsos
848 4093 1053 4166 fuisse
1119 4097 1560 4192 dithyrambos
1643 4105 1711 4170 et
1775 4099 2113 4170 cantiones
2175 4096 2522 4193 phallicas.
2642 4095 2819 4189 Quid

600 4198 816 4270 verbis
870 4189 1093 4294 opus?
1157 4199 1412 4294 quando
1476 4199 1771 4296 ipsorum
1834 4199 2078 4295 lyricae
2143 4199 2521 4295 tragoediae
2584 4208 2818 4296 patro-

598 4317 830 4373 norum
879 4324 1072 4392 unus,
1124 4297 1522 4392 Welkerus,
1576 4302 1647 4371 in
1700 4300 1949 4372 diurnis
2002 4300 2417 4372 scholasticis
2468 4324 2534 4372 a.
2591 4302 2815 4375 1830.

598 4426 670 4498 p.
719 4405 897 4475 422.
949 4425 1093 4474 eam
1155 4400 1394 4476 latiore
1459 4401 1836 4500 significatu
1898 4401 2368 4499 dithyrambnm
2416 4425 2565 4476 esse
2615 4401 2813 4476 dixit.
