3192 4992
858 288 1140 351 ostano
1177 290 1264 351 IN
1302 288 1559 353 sACms
1586 287 2136 356 summus·
2484 287 2614 361 m

377 456 755 553 gavisum
804 454 1249 533 mefitudine
1309 454 1544 530 fuisse.
1664 453 1864 529 lla-0
1912 478 2135 533 veram
2198 464 2400 554 atque
2445 457 2613 534 inti·-

310 592 311 601 *
377 560 505 631 mis
568 559 636 631 in
706 557 941 629 animis
1003 551 1337 630 fundatam
1405 558 1726 654 pietatem
1793 557 2214 630 vehementer
2275 558 2611 634 'falluntur

377 661 492 755 qui
555 666 789 756 putant
837 658 1233 756 explicanda
1260 660 1608 755 'dignitate
1657 657 1975 731 humanae
2023 667 2342 751 naturae,
2406 684 2609 758 prae-

370 862 466 934 ita
513 863 828 934 instillari
878 862 1113 934 animis
1160 887 1339 935 nune
1386 887 1627 960 posse,
1692 870 1769 933 ut
1834 863 1997 934 satis
2048 861 2236 937 firmo
2287 863 2605 953 adversus

371 963 796 1059 obrepentem
861 963 1197 1035 levitatem
1262 964 1593 1059 praesidio
1660 962 1910 1035 munita
1947 963 2312 1058 perduret.
2399 963 2606 1038 „Nam

367 1064 491 1135 illa
539 1065 892 1137 multorum
942 1074 1194 1137 mentes
1244 1090 1378 1137 non
1428 1066 1593 1137 satis
1645 1063 2243 1160 comprehendunt,
2316 1066 2431 1162 qui
2480 1090 2605 1139 au-

367 1173 502 1237 tem
548 1165 1225 1262 comprehenderunt,
1277 1167 1488 1262 magis
1537 1165 1976 1263 intelligendo
2024 1167 2307 1262 probant
2354 1167 2605 1240 verita·-
2717 1257 2721 1261 ⁴

364 1276 509 1339 tem
550 1266 900 1358 dictorum,
954 1290 1145 1362 quam
1202 1268 1329 1339 vim
1367 1268 1744 1364 percipiunt
1777 1274 2076 1363 peetore.
2179 1267 2403 1359 Quare
2432 1269 2604 1341 alie-

364 1392 452 1439 no
504 1393 672 1465 opus
726 1376 830 1440 est
880 1369 1179 1459 auxilio,
1248 1394 1420 1465 quo,
1486 1370 1865 1465 priusquam
1918 1367 2000 1439 de
2052 1368 2404 1443 excitanda
2450 1371 2601 1467 pie-

364 1477 502 1541 tate
553 1470 924 1566 cogitetur,
990 1472 1368 1566 expellatur
1416 1471 1657 1543 levitas
1709 1494 1788 1542 ac
1835 1471 2238 1567 protervitas
2290 1471 2601 1545 fastidio-

363 1595 625 1688 sorum,
693 1571 1128 1647 fanaticorum
1178 1582 1397 1647 autem
1447 1573 1824 1668 corrigatur
1886 1580 2122 1667 stupor
2170 1581 2370 1671 atque
2413 1597 2601 1646 ma-

361 1673 510 1747 uia·
579 1675 967 1791 praesertim
1023 1697 1218 1769 quum
1271 1682 1455 1746 tanta
1504 1674 1634 1748 boe
1683 1682 1979 1769 tempore
2029 1686 2240 1769 seges
2292 1697 2602 1771 pugnan-

360 1775 523 1846 tium
574 1776 752 1847 inter
800 1799 877 1847 se
926 1776 1320 1867 religionum
1372 1775 1748 1871 proveniat,
1798 1784 1873 1847 ut
1927 1774 2277 1847 verendum
2327 1778 2459 1867 sit,
2511 1800 2622 1863 ne*

359 1859 739 1971 postremo,
806 1876 919 1972 qui
981 1876 1134 1949 finis
1186 1899 1334 1948 esse
1386 1877 1541 1949 talis
1590 1876 2039 1950 fluctuationis
2090 1877 2306 1968 solet,
2379 1877 2594 1950 omnis

355 1977 829 2072 pessumdetur.
878 1977 1146 2074 religio.
1247 1976 1401 2051 Non
1468 1977 1659 2051 deest
1724 1985 1938 2050 autem
2004 1978 2350 2049 auxilium.
2450 1976 2596 2052 Ne-

246 2144 253 2152 .
308 2134 314 2147 .
356 2101 484 2171 que
548 2078 723 2149 enim
794 2078 960 2150 adeo
1014 2087 1327 2175 corrupta
1392 2088 1507 2151 aut
1570 2087 1881 2151 enervata
1932 2085 2038 2151 est
2084 2078 2419 2152 hominm
2467 2104 2594 2152 na·-

351 2184 542 2270 tura,
594 2186 671 2251 ut
718 2203 995 2275 prorsus
1047 2188 1413 2252 emortuum
1465 2188 1580 2252 aut
1631 2179 1927 2253 evulsum
1979 2179 2070 2251 sit
2118 2203 2430 2276 germen,
2502 2205 2593 2254 ex

351 2303 482 2374 quo
535 2279 692 2352 elici
742 2288 938 2376 atque
990 2281 1413 2354 efflorescere
1476 2289 1546 2353 et
1593 2281 1811 2378 pietas
1863 2287 1933 2352 et
1980 2304 2128 2354 cum
2175 2280 2426 2378 pietate
2476 2306 2593 2355 re-

349 2380 519 2477 ligio
568 2381 824 2478 possit,
896 2381 957 2453 si
1008 2381 1204 2454 nodo
1271 2383 1451 2454 alere
1519 2389 1589 2454 et
1652 2380 1919 2473 fovere,
1989 2405 2115 2454 neo
2165 2396 2588 2479 compescere

350 2489 548 2578 atque
600 2483 1053 2579 exstinguere,
1110 2485 1240 2575 vel,
1292 2490 1367 2555 ut
1415 2483 1663 2557 rectius
1708 2483 1947 2574 dicam,
2000 2483 2061 2567 si
2110 2483 2435 2557 subiicere
2469 2508 2606 2557 so·-

349 2583 486 2654 lum
540 2584 855 2675 velimus,
919 2585 986 2655 in
1043 2608 1172 2682 quo
1225 2585 1484 2658 radiees
1535 2609 1737 2682 agere
1789 2593 1858 2658 et
1908 2584 2190 2658 firmiter
2235 2585 2585 2660 inhaerere

349 2696 572 2780 queat.
675 2684 1010 2782 Quidquid
1060 2687 1254 2759 huius
1304 2687 1407 2759 rei
1456 2695 1586 2779 est,
1640 2687 1918 2759 vertitur
1965 2686 2037 2758 in
2087 2710 2196 2778 eo,
2248 2695 2326 2760 ut
2364 2686 2587 2759 homi-

346 2810 467 2861 nes
519 2812 646 2860 non
663 2839 693 2877 ,
757 2788 956 2861 sicuti
1004 2811 1180 2862 nune
1227 2788 1343 2880 fit,
1418 2812 1613 2885 quam
1661 2789 1982 2886 plurima,
2051 2810 2309 2884 quoque
2362 2788 2581 2885 plura,

346 2912 427 2959 eo
494 2890 712 2961 omnia
774 2890 990 2961 miuus
1053 2898 1237 2963 recte
1266 2890 1605 2963 ‘discendo
1658 2890 1743 2961 ad
1795 2889 2134 2987 quamdam
2188 2887 2580 2964 eruditionis

344 2997 541 3085 atque
606 2991 997 3063 urbanitatis
1065 2992 1567 3065 ostentationem
1622 2992 2083 3086 expoliantur,
2156 2991 2273 3063 sed
2324 2992 2582 3064 severi-

343 3100 482 3163 tate
534 3091 925 3189 diseiplinae
975 3092 1371 3165 roborentur
1418 3092 1503 3163 ad
1552 3092 1848 3164 laborem
1900 3099 1970 3179 et
2018 3092 2353 3163 virtutem.
2453 3090 2579 3166 In-

341 3194 594 3265 finitam
670 3193 802 3267 hoc
866 3193 1163 3266 continet
1242 3193 1504 3267 dicendi
1570 3192 1951 3280 materiam,
2039 3216 2127 3265 ex
2209 3216 2339 3288 qua
2404 3192 2577 3266 illud

340 3318 537 3366 unum
587 3295 952 3387 dumtaxat,
1008 3295 1198 3414 quod·
1233 3319 1551 3368 summum
1602 3303 1671 3366 et
1719 3293 2099 3390 primarium
2149 3301 2278 3385 est,
2332 3293 2572 3395 attingi

338 3396 534 3468 liuius
586 3396 718 3470 diei
767 3398 940 3470 ratio
992 3397 1342 3495 permittit.
1458 3395 1821 3468 Proximus
1872 3394 2123 3467 bomini
2170 3395 2334 3491 ipse,
2367 3382 2619 3469 homo9

339 3505 481 3588 est,
536 3505 731 3594 atque
782 3509 856 3571 ut
906 3523 1065 3575 sese
1108 3500 1382 3596 quisque
1435 3497 1683 3594 aliquid
1736 3520 1883 3570 esse
1936 3496 2158 3593 eupit,
2225 3495 2321 3568 ita
2371 3496 2568 3591 quid-

338 3598 495 3696 quid
560 3624 750 3672 suum
816 3625 965 3673 esse
1014 3609 1240 3698 putat,
1314 3624 1395 3672 eo
1460 3598 1746 3671 naturali
1798 3597 2071 3695 quadam
2121 3597 2565 3694 propensione
2691 3668 2701 3681 ,

335 3702 618 3799 gaudet,
690 3702 761 3773 id
812 3725 1034 3775 earum
1080 3702 1323 3792 habet,
1378 3701 1627 3799 datque
1678 3723 1944 3817 operam
2009 3707 2086 3771 ut
2133 3698 2250 3769 alii
2302 3722 2562 3797 quoque

246 3889 251 3895 ,
335 3803 653 3899 aliquanti
718 3804 1102 3895 aestiment,
1177 3811 1437 3900 gentem
1505 3826 1730 3893 suam,
1803 3801 2173 3890 nationem,
2250 3800 2558 3896 patriam.

331 3904 487 3979 Hoe
536 3930 738 4002 ergo,
804 3905 997 4023 ‚quod
1059 3905 1207 4002 ipsa
1254 3913 1489 3977 natura
1540 3927 1767 3979 earum
1816 3925 1963 3975 esse
2012 3900 2386 3973 hominibus
2440 3927 2559 3974 vo·-

332 4006 483 4098 luit,
530 4007 700 4081 illud
750 4017 878 4100 est,
936 4007 1009 4079 in
1057 4033 1187 4104 quo
1238 4006 1621 4103 potissimus
1672 4004 1823 4077 fons
1873 4011 1977 4075 est
2028 4024 2225 4122 quum
2271 4028 2551 4123 morum,

285 4137 294 4155 ¹
332 4118 469 4181 tum
517 4109 786 4206 pietatis
851 4117 920 4182 et
970 4109 1341 4228 religionis.
1439 4105 1713 4179 Etenim
1774 4113 1849 4178 ut
1910 4104 2098 4201 leges
2149 4104 2293 4176 sine
2341 4105 2552 4179 mori-

330 4210 451 4283 bus
503 4235 703 4284 vanae
755 4219 944 4302 sunt,
1018 4211 1119 4284 sie
1169 4211 1368 4283 etiam
1430 4208 1718 4305 religio·
1791 4229 1997 4302 quae,
2062 4204 2194 4278 nisi
2242 4205 2428 4302 prius
2476 4207 2548 4280 in

330 4313 617 4387 tnoribus
665 4315 988 4388 severitas
1036 4321 1108 4386 et
1153 4311 1531 4394 reverentia
1572 4307 1943 4384 sanctitatis
1991 4315 2124 4400 est,
2171 4315 2288 4379 aut
2318 4305 2546 4410 friget,
