3192 4992
760 346 966 414 FATA
1003 349 1249 413 AIACIS
1287 349 1392 412 m·
1433 348 1713 412 ‘mmm
1752 349 2197 415 comums,
2461 348 2593 419 m

356 520 559 595 facile
608 517 822 617 quivis
872 516 1259 595 coniiceret.
1360 514 1701 593 Habemus
1763 525 1982 593 auten
2045 518 2176 594 dus
2226 518 2311 595 de
2357 519 2587 597 Aiacis

356 623 656 696 oratione
706 619 1100 719 fragmenta,
1152 643 1352 691 unum
1405 619 1578 717 apud
1631 617 1999 741 Stobaeum
2045 620 2190 695 xl.
2241 625 2318 699 8.

607 769 808 846 ἄπλᾶ
857 766 1006 873 γάρ
1057 771 1213 845 ἐστι
1259 775 1390 866 τῆς
1438 768 1797 867 ἀληθείας
1843 771 2003 869 ἔπη,

352 924 527 1022 quod
577 921 942 1021 Euripides
992 923 1063 995 in
1112 921 1504 995 Phoenissis
1554 948 1620 998 v·
1672 926 1851 1000 472.
1902 925 2004 997 sic
2052 925 2264 1000 dixit:

604 1074 884 1158 ἁπλοῦς
931 1070 972 1148 ὃ
1021 1075 1276 1175 μῦθος
1323 1080 1453 1170 τῆς
1502 1073 1860 1171 ἀληθείας
1907 1077 2075 1174 ἔφυ.

282 1286 291 1301 t
346 1228 653 1303 Alterum
705 1218 993 1299 servavit
1041 1225 1434 1298 scholiastes
1486 1224 1850 1323 Sophoclis
1917 1228 1997 1300 ad
2047 1228 2163 1302 Ai.
2219 1232 2391 1307 191.
2453 1254 2585 1329 quo

347 1329 544 1402 Ulixi
591 1329 821 1403 matris
872 1353 1018 1402 cum
1072 1324 1363 1424 Sisypho
1418 1329 1802 1402 concubitus
1854 1331 2331 1427 exprobratur:

606 1478 769 1553 ἀλλ’
812 1475 1258 1561 Ἀντικλείας
1306 1471 1563 1563 ἆσσον,
1591 1473 1780 1576 ἦλθε
1833 1478 2203 1579 Σίσυφος,

601 1588 733 1678 τῆς
783 1587 914 1677 σῆς
962 1578 1173 1682 λε’γαΐ
1220 1576 1365 1681 ’γώ
1413 1576 1717 1678 μητρός,
1768 1579 1817 1678 ἤ
1867 1582 1938 1656 σ’
1997 1582 2351 1685 ἐγείνατο.

351 1732 478 1810 Sic
525 1733 967 1830 Aeschylum,
1034 1757 1167 1805 non
1216 1738 1293 1805 ut
1342 1731 1588 1804 editum
1641 1740 1745 1806 est
1793 1731 1983 1836 λέγω
2030 1763 2173 1826 τοι,
2231 1736 2585 1834 scripsisse

348 1849 840 2009 Puto‘Pol-acto
890 1934 1136 2007 iudicio
1170 1933 1375 2026 Aiax,
1431 1957 1628 2030 qnam
1677 1958 1916 2009 caussa
1954 1903 2332 2034 cecidisset,
2384 1941 2584 2014 vitam

352 2039 479 2112 sibi
526 2063 661 2112 non
714 2037 978 2109 vitalem
1029 2036 1281 2109 dixisse
1336 2035 1596 2109 videtur
1644 2037 1774 2110 hoc
1826 2062 2061 2132 versut
2590 2035 2603 2050 ⁶

601 2185 679 2262 τί
722 2185 872 2290 γὰρ
922 2184 1154 2262 καλὸν
1207 2184 1342 2283 ζῆν
1387 2185 1677 2284 βίοτον,
1733 2186 1813 2270 ὃς
1862 2182 2097 2271 λύπας
2144 2189 2396 2288 φέρεις

350 2339 478 2415 Sic
524 2364 785 2413 versum
829 2337 1257 2411 emendarunt
1283 2337 1490 2428 docti,
1542 2362 1739 2434 quum
1769 2338 2107 2431 legeretur
2130 2337 2366 2436 βίον.’
2395 2328 2584 2415 Male

350 2467 478 2517 nec
526 2441 815 2514 numeris
865 2439 1258 2534 Aeschyleis
1312 2436 1596 2512 Grotius
1650 2466 1718 2536 p.
1773 2444 1945 2517 501.
1997 2441 2200 2536 βίον,
2252 2439 2450 2526 ὅσας.

554 2543 748 2615 llaec
793 2540 1107 2637 Aeschyli
1161 2540 1422 2612 fabulae
1489 2541 1856 2635 fragmenta
1919 2544 2255 2616 habemus.
2289 2550 2365 2640 ⁴²⁸)
2467 2542 2586 2620 Ex

350 2643 624 2721 Latinis
672 2643 891 2742 poetis
928 2641 1257 2714 Pacuvius
1309 2652 1378 2715 et
1404 2642 1634 2715 Attius
1664 2645 2016 2717 Armorum
2059 2645 2370 2719 iudicium
2412 2646 2587 2720 scri-2·

351 2771 576 2848 psere,
629 2758 904 2842 uterque
954 2743 1221 2838 longius
1271 2744 1597 2842 producto
1652 2755 2064 2837 argumento,
2115 2756 2190 2821 nt
2229 2747 2427 2821 etiam
2478 2748 2588 2820 in-

352 2849 620 2924 teritum
671 2847 902 2918 Aiacis
954 2845 1424 2942 adiungerent,
1480 2844 1843 2943 Sophoclis
1891 2847 2209 2938 Aiacem,
2277 2859 2350 2922 ut
2400 2849 2588 2923 vide·

352 2960 502 3042 tur,
566 2949 830 3023 imitati.
933 2944 1186 3019 Eorum
1251 2948 1566 3045 pleraque
1633 2948 1999 3042 fragmenta
2048 2948 2217 3044 apud
2271 2948 2585 3042 Nonium,

352 3053 594 3153 partim
646 3056 997 3146 corrupta,
1050 3057 1343 3139 exstant,
1398 3050 1585 3121 cuius
1638 3047 2034 3120 editionibus
2080 3058 2347 3147 praeter
2392 3050 2590 3123 Mer-

357 3154 727 3244 cerianam‚
799 3149 986 3222 cuius
1049 3149 1326 3247 paginas
1375 3148 1703 3238 indicavi,
1775 3173 1934 3221 usus
1997 3174 2140 3225 snm
2189 3147 2589 3226 Iensoniana

354 3279 422 3331 a.
482 3257 704 3331 1467.
784 3251 1070 3325 Venetis
1136 3275 1201 3323 a.
1271 3253 1494 3327 1478.
1565 3252 1796 3333 1496.
1859 3258 1929 3322 et
1976 3249 2469 3327 Mediolanensi
2519 3276 2585 3329 a.

362 3359 585 3434 1510.
638 3379 799 3455 quas
850 3352 1334 3450 antiquissimas
1386 3376 1592 3443 voco;
1647 3352 1883 3425 deinde
1913 3349 2212 3424 Iunianis
2248 3377 2311 3425 a.
2364 3356 2588 3430 1565.

360 3460 589 3535 1586.
647 3457 866 3532 1593.
979 3457 1085 3527 Ac
1136 3452 1466 3526 Pacuvius
1532 3453 1792 3550 quidem
1856 3454 2081 3526 nescio
2148 3478 2230 3525 an
2293 3454 2590 3553 Agame·

358 3582 662 3632 nunonem
711 3556 948 3629 fecerit
994 3557 1208 3654 primo
1258 3555 1454 3628 ludos
1504 3554 1811 3628 funebres
1853 3555 2106 3628 Achilli
2157 3556 2306 3629 fieri
2353 3557 2590 3630 inben-

358 3670 496 3734 tem
544 3660 650 3733 his
703 3659 918 3731 verbis
968 3658 1141 3755 apud
1193 3654 1570 3731 Charisium
1619 3655 1723 3728 Π.
1772 3682 1847 3755 p.
1903 3660 2076 3750 175,
2126 3659 2256 3733 46.

530 3962 594 4047 ‘)
649 3963 937 4025 Admonuit
986 3985 1070 4025 me
1121 3964 1346 4042 neglecti
1396 3962 1573 4038 Etym.
1631 3963 1859 4023 Gudiaui
1912 3963 1982 4023 F.
2024 3963 2097 4023 G.
2139 3961 2585 4036 Schneidewinus,

363 4054 423 4113 in
463 4072 563 4129 qno
604 4072 658 4128 p.
703 4048 847 4122 567,
892 4047 993 4112 34.
1038 4050 1167 4109 haec
1191 4049 1461 4128 leguntnrt
1501 4044 1812 4126 χλίδοντα,
1848 4045 2085 4125 χλίδην,
2130 4040 2428 4125 σωρηδόν,
2472 4046 2587 4124 δη-

363 4134 473 4197 λοῖ
515 4130 796 4213 πλήθους
845 4129 1135 4216 ἔμφασιν.
1238 4125 1558 4211 Αἰσχύλος
1612 4125 1647 4192 ὅ
1703 4129 2048 4211 πλουκρίσει
2102 4131 2203 4190 καὶ
2242 4130 2586 4212 χερίδοηα,

363 4215 500 4281 ἀντὶ
522 4222 632 4281 τοῦ
655 4213 1070 4301 πληθύνοντα.
1151 4217 1237 4278 Ea
1280 4222 1358 4277 sic
1401 4218 1707 4298 corrigenda
1746 4218 2016 4277 videntur:
2061 4216 2280 4295 χλίδον
2319 4215 2419 4276 καὶ
2439 4215 2588 4295 χλῆ-

365 4300 496 4381 δον,
537 4297 759 4384 σωρόν.
826 4304 1012 4383 δηλοῖ
1044 4297 1326 4381 πλήθους
1367 4296 1654 4384 ἔμφασιν.
1734 4294 2053 4380 Αἰσχύλος
2079 4295 2329 4362 Ὄπλων
2366 4297 2584 4383 κρίσει·

362 4384 824 4471 αεχληδότα,
877 4386 1013 4452 ἀπὶ
1052 4390 1167 4451 τοῦ
1208 4379 1625 4468 πληθῦυοπα.
