3192 4992
29 4959 34 4962 ·
25 4871 28 4884 μ
25 4701 40 4862 μ--ι-ιιᾼ-

1164 377 1274 442 DE
1339 377 1792 441 ATLANTE.
2365 418 2372 425 -
2459 375 2588 451 243

365 542 753 643 significari,
805 537 942 619 nisi'
971 547 1235 621 aliunde
1277 549 1643 646 acceperis,
1697 569 2019 645 nunquam
2050 549 2428 647 intelligam
2479 565 2587 628 at-

365 670 494 745 que
544 648 736 719 etiam
777 650 847 720 si
899 651 1282 746 suspiceris,
1333 651 1597 722 minime
1651 652 1933 722 omnium
1986 652 2054 720 in
2103 652 2269 724 illud
2305 655 2581 749 incides,
2702 706 2725 726 .

363 748 538 845 quod
591 750 801 822 voluit
846 749 1224 840 Hefl'terus,
1292 752 1491 823 animi
1551 753 1626 822 in
1677 753 1868 824 malis
1916 747 2248 848 patienter
2295 755 2582 830 ferendis

363 850 756 946 aequitatem
807 851 928 923 tali
980 855 1263 949 imagine
1315 843 1665 925 declarari.
1766 853 1989 927 Debet
2040 855 2210 926 enim
2261 847 2437 928 inter
2486 860 2584 929 si-

360 975 493 1046 gna
545 960 613 1023 et
661 952 728 1023 id
786 953 961 1049 quod
1012 956 1426 1050 significatur
1488 954 1637 1026 istis
1690 955 1898 1051 signis
1951 955 2171 1051 aliqua
2223 958 2581 1032 similitudo

353 1053 814 1125 intercedere:
883 1077 1047 1151 quae
1100 1059 1165 1128 in
1218 1059 1349 1128 ista
1390 1056 1675 1151 imagine
1709 1058 1891 1128 nulla
1922 1068 2048 1130 est.
2151 1057 2384 1130 Robur
2412 1062 2583 1133 enim

334 1162 427 1242 set
483 1154 732 1258 validas
785 1158 958 1228 vires
1010 1159 1336 1277 corporis,
1389 1179 1520 1229 nou
1570 1159 1951 1253 patientiam
2005 1158 2226 1249 animi,
2273 1179 2583 1255 praeser-

355 1256 474 1326 tim
530 1258 721 1352 aequi
775 1268 843 1329 et
891 1259 1272 1355 tranquilli,
1346 1249 1616 1333 cernere
1670 1258 1985 1331 videmur.
2108 1260 2330 1350 Quare
2381 1264 2581 1335 talem

354 1356 647 1429 indolem
701 1360 812 1455 qui
862 1362 1156 1434 Atlantis
1209 1361 1432 1459 specie
1483 1361 1970 1454 adumbrasset,
2042 1364 2239 1434 etiam
2287 1364 2580 1460 ineptam

352 1457 630 1530 fecisset
676 1460 1056 1555 imaginem.
1121 1527 1132 1532 -
1782 1465 1792 1478 '

558 1561 880 1657 Apertum
948 1587 1095 1636 esse
1161 1585 1247 1636 ex
1312 1564 1399 1636 iis
1471 1583 1637 1659 quae
1702 1562 1844 1634 dixi
1906 1572 2109 1682 puto,
2180 1562 2575 1659 Hefl'terum,

356 1683 557 1757 quum
625 1663 911 1759 effigiem
976 1667 1267 1738 Atlantis
1333 1665 1821 1737 fundamentum
1888 1664 2348 1762 disputationis
2420 1687 2576 1740 suae

353 1762 544 1854 fecit,
595 1763 811 1859 ipsum
862 1766 989 1837 sibi
1043 1765 1230 1868 viam¹
1258 1777 1440 1840 reete
1475 1766 1908 1863 explicandae
1958 1767 2216 1839 fabulae
2267 1770 2579 1865 praeclu-

355 1861 557 1937 sisse.
657 1864 804 1938 Nee
854 1889 1011 1962 eane
1062 1869 1337 1942 latuisse
1388 1891 1536 1940 eum
1586 1868 1881 1958 videtur,
1954 1868 2301 1964 imaginem
2352 1870 2576 1945 facere

353 1985 486 2038 non
538 1989 762 2063 posse,
818 1970 946 2040 nisi
987 1969 1111 2066 *qui
1162 1972 1365 2043 sciret
1414 1972 1603 2043 cuius
1653 1970 1876 2046 faeere
1927 1970 2127 2042 vellet
2175 1970 2573 2067 imaginem&

352 2078 757 2167 quapropter
805 2071 886 2140 ab
935 2072 1221 2144 nominis
1272 2072 1720 2169 explicatione
1787 2080 1892 2143 est
1941 2093 2259 2144 exorsuee
2324 2073 2448 2144 aed·
2493 2093 2574 2146 eo

349 2169 566 2263 magis
628 2181 710 2241 ut
754 2167 835 2242 de
885 2171 1159 2246 Atlante
1211 2175 1396 2270 prius
1448 2196 1637 2269 quam
1691 2171 1775 2243 de
1826 2172 1967 2244 eius
2017 2173 2302 2268 imagine
2336 2175 2578 2269 'expli-

350 2277 578 2361 caret,
649 2273 869 2367 imago
920 2275 1067 2370 ipsa
1117 2293 1262 2346 eum
1331 2271 1608 2347 debebat
1657 2273 2045 2364 admonere,
2116 2275 2357 2370 quippe
2409 2293 2575 2370 quae

350 2396 476 2444 nee
527 2372 840 2470 proderet
892 2376 1044 2469 quid
1098 2376 1544 2470 significaret,
1614 2374 1788 2471 quod
1853 2381 2064 2445 autem
2117 2376 2262 2470 ipse
2314 2375 2577 2448 volebat

349 2498 435 2546 ne
487 2484 720 2570 posset
785 2474 1044 2571 quidem
1096 2471 1500 2569 significare.
1601 2475 1734 2549 Est
1789 2497 1945 2547 vero
1997 2476 2190 2547 etiam
2243 2477 2573 2549 nominum

350 2575 743 2671 explicatio,
799 2597 988 2673 quam
1037 2576 1341 2674 protulit,
1394 2576 2006 2650 ratiocinationibus
2041 2599 2165 2660 nee
2194 2576 2403 2648 firmis
2449 2595 2573 2649 nee

278 2706 284 2713 ·
349 2677 557 2748 rectis
609 2677 933 2749 confecta.
1032 2677 1251 2775 Iapeti
1300 2703 1535 2751 nomen
1588 2685 1790 2774 negat
1840 2677 2266 2750 deiectionem
2311 2674 2621 2774 signifi-5

350 2801 532 2866 care,
586 2785 926 2884 putatque,
959 2781 1075 2851 'uti
1102 2779 1444 2879 Hyperiou
1498 2791 1741 2852 motum
1793 2803 1994 2877 super
2026 2789 2204 2851 terra
2245 2779 2570 2876 designet,

235 2919 246 2926 ι
348 2880 450 2952 sie
500 2878 802 2976 Iapetum
870 2882 1192 2978 appellari
1256 2892 1503 2955 motum
1563 2884 1637 2953 iu
1702 2869 2050 2977 superficie
2114 2891 2357 2953 terrae.
2477 2881 2573 2955 At

347 3005 473 3053 nee
532 2982 712 3053 verbi
776 3006 900 3053 nee
964 2984 1061 3054 rei
1127 2992 1400 3055 naturae
1464 2983 1594 3055 hoe
1659 2984 2009 3054 convenire
2077 2983 2371 3053 videtur:
2437 3005 2570 3056 nou

347 3083 575 3173 verbi,
645 3083 799 3178 quia
863 3079 1187 3171 Ιάπτειν,
1257 3087 1532 3172 ἴπτειν,
1593 3082 1761 3166 ἷπος
1808 3084 2139 3181 propriam
2192 3081 2566 3175 deficiendi,

351 3183 766 3274 detrudendi,
821 3184 1157 3281 premendi
1207 3185 1539 3258 notionem
1590 3187 1966 3275 coutinent3
2035 3189 2165 3256 nou
2216 3185 2340 3275 rei,
2393 3185 2569 3280 quod

305 3305 310 3311 ·
350 3283 616 3379 singula
645 3283 960 3357 Titanum
1013 3287 1199 3382 paria
1248 3297 1514 3384 praeter
1561 3288 1913 3358 maximum
1953 3295 2020 3358 et
2051 3281 2381 3358 minimum
2409 3295 2568 3359 natu

350 3397 670 3482 cognatas
723 3400 791 3459 et
838 3389 1014 3460 inter
1064 3412 1137 3460 se
1188 3389 1527 3486 oppositas
1579 3390 1753 3460 vires
1804 3387 2205 3484 significant,
2254 3395 2352 3479 ut,
2405 3387 2467 3459 ei
2492 3383 2568 3460 id

352 3487 530 3583 quod
593 3487 661 3557 in
730 3490 930 3561 altum
982 3490 1240 3562 tollitur
1285 3489 1688 3587 Hyperionis
1750 3490 2009 3563 nomine
2060 3489 2385 3585 signatum
2436 3498 2566 3580 est,

349 3586 573 3685 Iapeti
623 3590 980 3685 appellatio
1033 3592 1426 3663 contrarium
1478 3592 1770 3664 indicare
1816 3600 2060 3663 motum
2088 3591 2346 3663 debeat.
2421 3587 2565 3664 Sed

351 3702 525 3781 esto,
581 3691 754 3786 quod
804 3692 1062 3789 poenit:
1129 3695 1310 3765 nullo
1362 3702 1557 3792 pacto
1611 3693 1885 3766 concedi
1931 3693 2204 3789 poterit,
2256 3692 2427 3789 quod
2459 3693 2565 3765 di·-
2623 3733 2628 3754 ·

349 3792 469 3882 cit,
521 3792 925 3864 inventorem
976 3793 1233 3866 fabulae
1285 3796 1384 3869 eie
1435 3817 1581 3867 esse
1633 3796 2189 3893 philosophatum,
2242 3813 2329 3865 ex
2381 3819 2564 3867 com-

350 3894 530 3965 muni
580 3915 796 3965 rerum
848 3896 914 3966 in
967 3906 1143 3968 terra
1192 3907 1373 3983 motu
1424 3906 1638 3969 ortum
1702 3919 1849 3969 esse
1899 3903 2142 3968 motum
2192 3917 2376 3988 eum,
2451 3899 2564 3993 qui

350 3995 663 4090 proderet
724 3998 1190 4093 appetitionem
1257 4000 1453 4070 animi
1502 3999 1805 4091 humani,
1873 4017 2037 4095 quae
2104 4007 2281 4070 esset
2345 3999 2564 4095 quieta

351 4096 669 4191 patientia
719 4109 789 4169 et
838 4099 1118 4171 demissa
1172 4100 1517 4173 subiectio.
1636 4100 1804 4173 Nam
1873 4099 2195 4197 quomodo
2247 4123 2332 4171 ex
2386 4111 2564 4171 mom

352 4197 421 4267 in
472 4206 648 4270 terra
700 4210 914 4273 motus
964 4202 1229 4297 prodire
1280 4213 1504 4299 potest
1554 4195 1810 4274 animi?
1876 4197 2202 4298 quomodo
2232 4210 2442 4272 motus
2492 4201 2563 4272 id

353 4319 525 4390 esse,
578 4302 752 4395 quod
805 4303 1085 4398 quiescit
1134 4313 1204 4376 et
1252 4305 1392 4378 siue
1443 4301 1623 4376 mo'tu
1676 4297 1834 4376 est?
1931 4302 2016 4376 Si
2052 4304 2272 4399 aliqua
2308 4301 2562 4375 ratione

353 4397 482 4473 hoe
535 4403 732 4475 vellet
780 4405 1074 4498 efficere,
1126 4406 1349 4502 potius
1397 4406 1579 4478 illam
1616 4429 1806 4503 quam
1834 4406 2205 4504 repudiavit
2235 4391 2573 4501 interme-¹

2058 4522 2297 4622 oz⁸
