3192 4992
645 350 789 417 soe
1051 428 1062 437 ,
1287 349 1391 411 ιιΕ
1429 348 1805 410 Anscflm
1844 340 2243 410 ΑΕΤΝΑΕιε.

650 543 794 593 non
840 523 949 590 est
994 514 1261 589 omnino
1310 513 1579 612 aliquod
1629 537 1831 587 sensu
1878 511 2250 615 praeditum
2299 517 2539 610 caput·
2597 439 2676 584 id
2717 449 2936 611 quod⁸
3035 521 3049 530 “
3155 477 3156 484 ¹

520 679 525 688 ,
654 622 808 718 ipsa
854 618 1115 691 videtur
1161 616 1369 690 facies
1419 617 1797 711 vultusque,
1846 615 1918 687 in
1970 639 2099 713 quo
2149 638 2277 687 neo
2324 623 2539 686 metus
2590 635 2719 688 nee
2768 616 2887 688 do-

584 783 591 790 ,
654 721 824 795 loris
872 720 1080 792 ullum
1131 719 1389 815 signin
1418 726 1552 808 est,
1604 716 2024 790 confimare.
2123 713 2314 787 Nihil
2335 716 2734 788 sentientem
2767 741 2887 788 au·

652 831 789 897 tem
843 822 989 919 quis
1038 820 1273 893 tundat
1322 819 1621 910 malleis,
1691 810 1825 890 nisi
1873 818 1935 889 si
1985 824 2101 890 aut
2149 840 2264 890 aes
2314 819 2421 889 vel
2471 817 2718 889 ferrum
2770 820 2884 909 sit,

650 933 772 997 aut
818 921 1097 995 materia
1143 946 1276 993 non
1324 928 1461 992 tam
1510 920 1675 991 dura
1725 928 1794 993 et
1841 919 2084 1015 rigida,
2135 928 2215 992 ut
2251 918 2567 991 disffiat.
2667 917 2885 991 Vide-

586 1113 591 1120 ¹
655 1023 901 1099 huntur
946 1048 1110 1120 ergo
1160 1023 1431 1095 iuvenes
1478 1021 1598 1093 isti
1647 1044 1797 1093 esse
1846 1020 2043 1111 fabri,
2097 1021 2211 1118 qui
2261 1021 2369 1092 vel
2417 1044 2503 1092 ex
2557 1020 2734 1093 ferro
2776 1022 2884 1093 vel

654 1152 749 1200 ex
814 1127 948 1197 alia
1009 1123 1234 1197 mallei
1297 1123 1590 1221 patiente
1641 1123 1918 1206 materia
1980 1121 2272 1228 ingenis
2336 1122 2638 1193 mulieris
2689 1128 2883 1218 caput

572 1263 575 1264 f
652 1228 927 1302 cudant.
1024 1226 1124 1298 At
1172 1225 1452 1343 amplius
1517 1223 1675 1321 quid
1729 1223 1938 1296 voluit
1984 1226 2205 1321 pictor
2254 1224 2669 1319 exprimere.
2737 1246 2883 1295 narn

650 1329 822 1402 illud
873 1353 958 1400 ne
1010 1328 1181 1424 quis
1208 1327 1630 1423 opinaretur,
1684 1326 1843 1398 duo
1865 1326 2001 1397 alia
2063 1326 2256 1422 signa
2305 1324 2590 1415 adiecit,
2658 1348 2882 1396 manus

652 1431 952 1503 mulieris
1004 1454 1091 1501 ex
1141 1437 1323 1501 terra
1370 1428 1859 1525 prominentes,
1912 1435 1982 1499 et
2029 1427 2359 1516 ramulos,
2427 1427 2663 1522 quibus
2711 1426 2884 1497 indi-

652 1540 840 1604 caret
886 1554 1064 1604 nunc
1114 1530 1374 1627 quidem
1425 1538 1624 1625 caput
1674 1529 1968 1601 mulieris
2020 1528 2172 1600 cudi
2219 1552 2264 1598 a
2311 1477 2544 1618 f’abris,
2595 1527 2714 1599 sed
2768 1527 2884 1598 de-

568 1632 1117 1807 15223‘21’315350
1136 1634 1679 1804 *Qifflmtff
1709 1626 2885 1830 qffssssizssssztifflffffissffiissss

652 1844 798 1907 est·
858 1858 1138 1929 eamque
1186 1835 1303 1905 vix
1353 1833 1639 1906 dubitari
1688 1834 1936 1930 poterit
1997 1834 2157 1930 quin
2203 1833 2427 1929 pictor
2473 1856 2563 1904 ex
2613 1827 2890 1950 Sopho·
2929 1905 2934 1910 .

650 1937 782 2009 elis
832 1935 1054 2007 fabula
1105 1936 1392 2031 satyrica
1442 1936 1822 2032 sumpserit.
1922 1933 2506 2032 Opportunissime
2557 1935 2732 2005 enim
2769 1957 2884 2006 ac-

652 2037 819 2110 cidit
834 2088 860 2129 ,
913 2045 1022 2125 ut,
1077 2061 1269 2133 quam
1320 2036 1438 2108 alii
1485 2036 1878 2155 simpliciter
1924 2035 2299 2108 Pandoram
2349 2033 2713 2131 Sophoclis
2745 2058 2885 2106 vo-

634 2148 845 2229 -eant,
920 2140 1064 2211 eius
1128 2140 1327 2236 plena
1385 2139 1735 2264 inscriptio
1801 2147 2062 2211 servata
2123 2138 2213 2209 sit
2280 2136 2362 2207 ab
2417 2136 2750 2232 Hesyebio
2811 2137 2883 2208 in

642 2236 1108 2335 1κεχήλωμιιιι,
1184 2234 1676 2335 Πανδώρα“
1626 2269 1673 2335 η
1726 2233 2273 2337 Σφυροκόποι.
2337 2238 2532 2311 Haec
2578 2238 2730 2335 ipsa
2774 2238 2883 2309 in-

650 2344 930 2440 scriptio
980 2341 1231 2439 prodit,
1283 2341 1578 2414 Vulcani
1627 2343 1965 2415 ministros
2013 2342 2136 2412 illa
2184 2341 2256 2413 in
2302 2340 2527 2411 fabula
2575 2339 2882 2411 introdu-

648 2453 800 2520 ctos
852 2469 1028 2535 esse,
1082 2446 1196 2540 qui
1244 2443 1563 2517 cuderent
1592 2442 2008 2516 Pandoram·
2074 2465 2286 2538 neque
2319 2441 2710 2513 incredibile
2750 2449 2879 2531 est,

646 2547 851 2617 etiam
897 2547 1235 2641 ingentem
1283 2546 1469 2616 illam
1518 2544 1795 2617 formam
1846 2547 1925 2617 ab
1951 2543 2296 2640 Sophocle
2336 2566 2485 2614 esse
2520 2543 2877 2634 iuventam,

646 2654 726 2717 ut
788 2647 947 2742 ipsa
1003 2650 1227 2741 specie
1293 2653 1645 2741 appareret
1709 2654 2021 2741 quantum
2083 2646 2322 2716 malum
2385 2650 2566 2716 esset
2616 2645 2878 2716 mulier.

648 2745 943 2817 Videtur
992 2755 1210 2818 autem
1258 2753 1463 2863 poeta
1486 2744 1857 2818 Hesiodum
1906 2754 2219 2842 sequutus
2254 2769 2428 2837 esse,
2447 2745 2657 2873 apud
2689 2769 2878 2841 quem

522 2927 527 2934 ἱ
648 2869 848 2963 quum
902 2844 1250 2920 Vulcanus
1311 2847 1535 2919 iussus
1598 2854 1778 2919 esset
1837 2851 2070 2949 γαῖαν
2129 2844 2297 2921 ὕδει
2355 2841 2669 2945 φύρειν,
2733 2848 2877 2943 ipse

640 2947 957 3045 scripsit·

899 3096 1029 3174 καὶ
1069 3103 1378 3199 πρῶτον
1422 3094 1667 3196 ἀρχὸν
1714 3096 1947 3196 πηλὸν
1995 3095 2341 3202 ὃργᾶζειν
2382 3100 2662 3199 χεροῖν,

646 3251 850 3372 quod·
890 3252 1327 3349 fragmentum
1391 3251 1682 3324 servavit
1744 3253 2137 3325 scholiastes
2201 3252 2670 3350 Hippocratis
2701 3250 2878 3349 apud

644 3353 710 3426 F
713 3378 964 3427 oesiam
1013 3355 1084 3425 in
1131 3351 1547 3426 Oeconomia
1594 3377 1661 3427 V.
1713 3352 2090 3454 ὃργασμὸς
2151 3362 2221 3428 et
2281 3355 2353 3426 in
2401 3353 2667 3426 Mackii
2727 3354 2877 3428 edi-

646 3456 828 3528 tione
892 3453 1329 3581 Hippocratis
1392 3455 1531 3527 vol.
1581 3452 1650 3526 I.
1712 3480 1787 3551 p.
1835 3459 1964 3531 82.
2079 3454 2382 3553 Utroque
2446 3457 2599 3529 loco
2666 3480 2874 3552 pravo

647 3565 928 3630 accentu
976 3556 1212 3652 ἄρχον
1260 3557 1605 3653 seriptum.
1703 3556 2143 3629 Ruhnkeuius
2177 3582 2373 3655 quum
2402 3557 2488 3628 ad
2522 3557 2875 3630 Timaeum

649 3658 810 3730 olim
856 3656 1099 3760 ἀργὸν
1145 3660 1589 3750 correxisset,
1653 3658 1725 3730 in
1773 3659 1986 3731 altera
2034 3658 2321 3731 editione
2369 3661 2674 3756 p.180.

636 3757 859 3833 Porto
924 3761 1253 3857 praetulit
1290 3759 1549 3855 ἄρχου.
1638 3758 1909 3861 Ἀρχὸν
1956 3760 2111 3832 tuiti
2161 3769 2316 3833 sunt
2362 3760 2870 3833 Huschkiusin

650 3859 1113 3934 dissertatione
1182 3861 1266 3934 de
1330 3861 1572 3933 fabulis
1629 3851 2064 3953 Archilochi,
2137 3885 2333 3960 quam
2384 3863 2485 3936 A.
2536 3862 2870 3936 Matthiae

576 3983 581 3992 ’
642 3962 930 4035 inseruit
976 3963 1290 4036 volumini
1320 3961 1386 4035 L
1434 3962 2021 4036 Miscellaneorum
2051 3964 2633 4061 philologicormn,
2688 3990 2759 4063 p.
2790 3966 2871 4039 4.

646 4072 720 4136 et
769 4061 856 4136 G.
905 4061 1001 4135 L.
1048 4063 1364 4138 Struvins
1420 4064 1491 4136 in
1539 4074 2024 4162 programmate
2075 4066 2252 4138 edito
2305 4090 2371 4137 a.
2428 4070 2652 4143 1821.
2753 4066 2869 4138 Ex

644 4166 790 4239 luto
839 4165 1046 4264 igitur
1092 4167 1530 4263 compoeitum
1579 4176 1685 4240 est
1732 4166 1912 4239 istud
1959 4168 2242 4241 immane
2291 4177 2496 4266 caput
2543 4169 2865 4260 mulieris,

646 4267 825 4364 quod
899 4267 1158 4345 malleis
1218 4267 1361 4342 suis
1422 4268 1709 4341 ministri
1770 4266 2091 4343 Vulcanii
2153 4270 2229 4342 in
2291 4270 2531 4348 iustam
2590 4270 2865 4343 formam

646 4368 1102 4467 compingunt.
1201 4366 1466 4451 Chorus
1512 4377 1731 4446 utrum
1777 4393 1870 4443 ex
1900 4363 2163 4469 Satyris
2209 4371 2440 4465 fuerit,
2491 4396 2576 4444 an
2625 4396 2716 4444 ex
2761 4371 2865 4444 fa-
