3192 4992
797 375 1004 441 FATA
1043 362 1303 436 mers
1329 376 1456 436 ΕΤ
1473 376 1753 438 ‘ranem
1796 378 2245 441 coMPLExls.
2471 377 2626 446 '381

397 543 524 618 Sic
551 567 676 662 ego
712 542 974 639 quidem
1003 542 1419 616 scribendum
1460 543 1853 617 crediderim
1886 545 2063 619 hunc
2094 570 2380 638 versum,
2434 572 2629 643 quum

398 646 903 764 antiquissimae
938 642 1145 717 Noun
1196 644 1560 735 editiones,
1638 645 1812 744 apud
1878 672 2068 743 quem
2119 648 2250 721 hoc
2299 648 2632 744 fragmen-

398 757 533 820 tum
583 747 653 818 in
700 748 994 846 poreet
1036 746 1284 840 legitur
1332 771 1400 843 p.
1461 750 1648 839 160,
1707 747 1782 822 5.
1856 747 2140 822 habeant
2184 748 2464 823 deinde
2512 775 2632 826 me

396 850 635 923 senti}
679 846 993 943 facere.
1112 846 1195 919 In
1259 846 1560 921 Iunianis
1630 856 1696 921 et
1745 849 2171 922 Memoriana
2233 858 2338 923 est
2400 848 2632 924 deum

395 975 516 1023 me
564 947 920 1023 ineenfft
944 948 1237 1046 faeere
1274 951 1560 1052 pietas.
1667 949 2076 1025 Tecmessae
2113 951 2398 1025 fortasse
2431 955 2632 1029 verba

396 1059 576 1145 sunt,
630 1075 798 1148 quae
850 1051 1019 1123 velit

554 1264 565 1269 -
647 1205 914 1277 strata
961 1212 1182 1276 terra
1231 1198 1500 1277 lavere
1547 1203 1899 1276 lacrimis
1949 1206 2233 1277 ve'stem
2272 1205 2635 1307 squalam

1612 1313 1694 1377 et
1737 1302 2160 1398 sordidam,
2715 1314 2722 1321 '

398 1456 513 1553 qui
563 1480 792 1551 versus
844 1454 927 1553 ab
977 1452 1199 1527 Nonio
1253 1461 1323 1527 et
1371 1454 1442 1526 in
1491 1456 1977 1555 squalamp.
2030 1460 2207 1549 172,
2262 1459 2388 1532 20.
2440 1463 2512 1528 et
2558 1455 2625 1528 in

397 1561 664 1632 lavere
715 1564 1013 1629 servatus
1066 1564 1168 1628 est
1217 1581 1289 1654 p.
1342 1556 1518 1647 504,
1574 1556 1649 1630 5.
1750 1556 1991 1630 Priore
2042 1559 2194 1631 loco
2249 1559 2356 1629 ed.
2389 1556 2631 1629 Ienso-

397 1661 596 1731 niana
645 1671 867 1732 terra
917 1660 1256 1748 elavem,
1316 1659 1612 1753 reliquae
1655 1660 2157 1755 antiquissimae
2209 1671 2432 1732 terra
2483 1661 2628 1732 ele-

398 1784 590 1834 vare
604 1787 638 1846 ;
686 1761 756 1831 in
807 1761 1007 1832 lavit
1052 1766 1267 1830 autem
1310 1759 1804 1855 antiquissimae
1850 1785 2074 1832 omnes
2116 1772 2377 1833 strata
2409 1771 2631 1833 terra

399 1864 665 1935 lavere
712 1862 1061 1935 lacrimis
1113 1872 1389 1933 vestem
1418 1859 1864 1961 squalidam
1894 1873 1975 1935 et
2002 1859 2421 1935 sor-fidam.
2485 1860 2633 1932 Mi-

399 1988 523 2035 nus
576 1971 797 2059 aptum
846 1962 1129 2053 videtur,
1185 1962 1361 2058 quod
1413 1963 1527 2033 alii
1562 1963 2012 2053 coniecerunt,
2064 1974 2325 2036 strata
2365 1975 2631 2037 terrae

397 2065 661 2137 lavere
707 2063 1057 2136 lacrimis
1108 2074 1310 2136 veste
1361 2065 1648 2163 squala
1698 2075 1781 2137 et
1822 2062 2165 2136 sordida.
2283 2062 2382 2137 Et
2432 2088 2632 2136 accu-

398 2166 646 2237 sativos
710 2174 992 2262 utroque
1058 2166 1211 2237 loco
1265 2164 1420 2235 libri
1479 2172 1707 2236 tenent
1759 2189 2008 2236 omnes·
2130 2163 2304 2257 Illa,
2373 2189 2539 2260 quae
2592 2189 2632 2236 a
2761 2166 2766 2171 ’

399 2264 724 2338 Cicerone
774 2266 845 2338 in
897 2266 985 2356 Q.
1039 2265 1257 2337 Tusc.
1308 2263 1452 2336 ΙΙΙ.
1509 2267 1632 2339 19.
1687 2268 1772 2365 ξ.
1813 2268 1939 2339 44.
1992 2275 2496 2337 commemorata
2547 2265 2632 2336 ad

399 2367 833 2438 Telamonem
888 2390 929 2437 a
978 2367 1138 2437 viris
1205 2367 1420 2439 doctis
1470 2367 1885 2456 referuntur,
1957 2368 2183 2440 nescio
2227 2391 2322 2440 an
2372 2366 2631 2439 Teucri

350 2483 355 2489 '
401 2468 600 2541 verba
648 2468 784 2541 sint
830 2468 900 2540 in
954 2467 1263 2540 exsilium
1314 2492 1388 2539 se
1440 2468 1615 2539 mitti
1665 2467 1993 2540 videntis.

796 2595 1018 2695 pol,
1052 2593 1241 2667 mila
1241 2593 1591 2691 fortuna
1619 2595 1881 2699 magis
1907 2619 2125 2667 nane
2162 2589 2360 2692 defit
2391 2597 2633 2696 quam
2726 2615 2736 2629 ‘

651 2800 992 2897 na'mqae
1071 2821 1408 2896 regnam
1482 2719 1946 2897 mpgpeeqtcggat
2015 2797 2177 2869 mi.-
2262 2803 2357 2870 n't
2423 2797 2633 2872 seiae

1613 2910 1907 2999 quanto
1958 2901 2007 2970 e'
2051 2900 2243 2990 loeo,

652 3000 973 3102 qua'ntis
1021 2995 1291 3101 opibus
1302 3050 1329 3091 ‚
1408 2995 1688 3101 quibas
1735 2997 1833 3072 de
1880 2994 2113 3072 rebus
2175 3001 2413 3100 lapsa
2452 2995 2635 3095 for-

1615 3110 1816 3172 tuna
1865 3097 2199 3175 occidat.
2448 3171 2454 3179 ,

402 3253 507 3326 Ac
556 3252 841 3326 fortasse
886 3276 1034 3324 eum
1074 3196 1541 3325 consolabatur
1580 3250 1822 3348 aliquis
1851 3250 2158 3347 exemplo
2199 3250 2448 3347 patris.
2500 3273 2633 3324 non

405 3356 578 3427 enim
638 3355 851 3451 ipsius
904 3353 1295 3426 Telamonis
1346 3354 1545 3426 verba
1614 3376 1759 3425 esse
1814 3377 1900 3424 ex
1952 3351 2316 3471 Cicerone,
2392 3351 2505 3447 qui
2555 3375 2635 3422 ea

405 3435 598 3528 affert
645 3457 716 3527 in
768 3457 856 3547 Q.
910 3456 1121 3529 Tusc.
1152 3453 1297 3527 ΙΙΙ.
1355 3458 1475 3531 18.
1529 3457 1614 3553 ξ.
1669 3455 1791 3529 39.
1847 3461 2056 3551 patet,
2111 3454 2211 3526 sic
2262 3453 2627 3525 scribente.

406 3555 606 3660 quid
659 3581 852 3657 ergo
868 3559 902 3629 ἓ
981 3555 1310 3630 lmimne
1369 3559 1577 3649 vitae
1630 3557 2054 3655 propositio
2123 3565 2200 3630 et
2258 3554 2632 3652 cogitatio
2751 3582 2760 3591 ’

406 3669 557 3732 ant
605 3657 988 3756 Thyesten
1038 3662 1302 3732 levare
1355 3660 1659 3762 poterit
1703 3669 1852 3730 aut
1896 3655 2223 3730 Aeetam
2237 3709 2262 3747 ‚
2331 3654 2429 3730 de
2481 3679 2632 3758 quo

404 3758 676 3834 daallo
726 3771 910 3834 ante
957 3759 1146 3832 dini
1149 3813 1174 3851 ‚
1241 3771 1390 3833 ant
1437 3762 1928 3833 Telamonem
1969 3758 2290 3858 pulsam
2328 3759 2736 3857 patria,18

405 3864 904 4065 eaesssabntem
957 3873 1192 3964 atque
1240 3873 1591 3962 egentem
1606 3863 1642 3934 ἲ
1708 3862 1794 3936 in
1845 3885 1996 3963 qao
2045 3858 2241 3933 leaeo
2291 3857 2633 3932 admira-

407 3965 512 4038 tio
629 3989 671 4038 e
717 3977 845 4037 at·

658 4088 912 4166 hicine
961 4102 1082 4165 est
1124 4091 1258 4164 ille
1296 4090 1642 4181 Telamo,
1694 4086 1915 4162 modo
1957 4111 2181 4188 quem
2216 4087 2489 4185 glo'ria
2528 4082 2648 4160 ad

1620 4193 1928 4264 caelum
1977 4189 2318 4262 extulit?

662 4317 886 4394 quem
937 4287 1551 4429 adspectabant?
1614 4297 1839 4366 euius
1902 4288 1995 4362 ob
2062 4315 2149 4364 os
2203 4288 2447 4361 Graii
2488 4290 2637 4362 ora

898 4432 909 4437 ·
1618 4389 2116 4471 obvertebant
2158 4391 2358 4465 ma?
