3192 4992
644 351 769 420 146
1186 352 1779 415 EMENDATIONES
1821 353 2295 417 PINDARICAE.

642 536 829 596 tuae
871 517 1231 616 filicitas
1290 519 1499 594 hane
1559 516 1794 594 habet
1851 530 1994 595 tna
2042 522 2457 619 sapientia
2482 531 2868 621 tempera-

646 636 807 697 tam
854 619 1367 696 venerabilem
1415 620 1902 721 dignitatem.
2002 621 2191 695 Nihil
2224 623 2455 695 horum
2489 632 2671 694 recte
2703 646 2869 719 pro-

646 725 858 800 cedit:
923 749 1054 797 non
1105 725 1279 796 enim
1329 724 1481 819 quia
1532 728 1679 820 quis
1729 749 1853 795 rex
1897 731 2002 796 est
2044 748 2469 821 magnamque
2503 723 2865 819 potentiam

646 827 867 917 habet,
918 834 1031 896 aut
1077 825 1287 897 virtus
1337 825 1402 896 ei
1452 825 1750 921 ingenita
1798 833 1928 916 est,
1982 850 2147 921 quae
2194 827 2444 921 regiam
2476 824 2862 920 dignitatem

646 928 981 1024 sapienter
1030 928 1387 1017 sustineat,
1456 936 1571 998 aut
1640 950 1885 1022 genere
1936 951 2083 999 eum
2129 927 2337 999 nobili
2351 977 2377 1018 ,
2445 950 2573 1023 quo
2626 949 2702 998 se
2753 949 2866 996 sa-

645 1029 896 1126 pientia
958 1028 1395 1100 venerabilem
1440 1028 1793 1125 praebeat,
1874 1053 2022 1101 esse
2088 1051 2401 1118 necesse,
2484 1035 2597 1098 aut
2647 1027 2863 1123 gentis

649 1138 914 1227 oportet
962 1154 1105 1201 eam
1151 1129 1535 1201 felicitatem
1585 1153 1733 1200 esse
1750 1181 1776 1221 ,
1834 1138 1909 1201 ut
1958 1130 2286 1225 sapientia
2336 1136 2527 1202 ornet
2574 1127 2865 1224 dignita·-

519 1226 806 1305 ·l7tem.
904 1230 1250 1304 Accedunt
1313 1230 1399 1301 ad
1461 1231 1628 1302 haec
1691 1231 1881 1303 aliae.
1930 1233 2143 1328 primo
2195 1231 2624 1327 ambiguitaS,
2697 1254 2864 1325 quo·-
2968 1269 2975 1274 ,

646 1335 823 1405 niam
868 1357 1001 1405 non
1054 1340 1352 1429 apparet,
1406 1332 1562 1428 quid
1613 1332 1849 1426 horum
1894 1332 2307 1429 significetur
2352 1333 2472 1404 illo
2507 1327 2861 1430 συγγενὴς

648 1427 1084 1531 &waimis-,-
1133 1434 1369 1506 deinde
1422 1433 1622 1529 quod,
1675 1457 1871 1528 quum
1919 1434 2360 1531 praecesserit
2407 1430 2487 1506 σὲ
2536 1430 2631 1526 δ’Ι
2656 1427 2863 1528 ἐρχό-

644 1561 876 1631 μενον
922 1537 1006 1609 ἐν
1055 1532 1232 1631 δίκᾳ
1278 1534 1507 1617 πολὺς
1552 1534 1776 1629 ὄλβος
1825 1534 2316 1633 ἀμφινέμεται
2328 1589 2355 1622 ,
2406 1542 2864 1629 exspectamus

646 1662 738 1726 co„
779 1639 1111 1735 pertinere
1162 1635 1275 1710 ὅτι
1322 1634 1463 1732 μὲν
1514 1644 1582 1708 et
1633 1634 1746 1708 ὅτι
1795 1633 1903 1724 δέ,
1956 1662 2227 1733 quorum
2280 1662 2403 1733 pro
2455 1637 2667 1710 altero
2717 1659 2865 1706 mu-

648 1746 786 1811 tata
847 1739 1139 1836 paullum
1202 1738 1414 1810 forma
1465 1738 1825 1827 orationis,
1889 1739 2300 1835 repetitaque
2350 1737 2664 1834 primaria
2711 1760 2867 1808 sen-

647 1840 854 1912 tentia
905 1841 1069 1912 dicit
1114 1833 1364 1936 μάκαρ
1417 1836 1499 1912 δὲ
1549 1836 1677 1911 καὶ
1724 1844 1871 1913 νῦν
1922 1837 2033 1912 ὅτι
2043 1868 2072 1927 ,·
2142 1839 2421 1936 denique
2474 1837 2647 1934 quod
2699 1862 2863 1933 quae

647 1941 731 2013 ad
794 1941 965 2012 illud
1030 1938 1116 2013 τὸ
1179 1937 1320 2034 μὲν
1386 1938 1499 2013 ὅτι
1559 1938 1910 2038 βασιλεὺς
1969 1938 2129 2013 ἐσσὶ
2190 1945 2527 2041 μεγαλᾶν
2587 1936 2866 2013 πολίων

569 2083 572 2086 >
647 2041 905 2114 adiecta
954 2050 1056 2114 est
1106 2042 1456 2138 apodosiS,
1520 2067 1594 2113 re
1646 2043 1795 2139 ipsa
1856 2042 2024 2113 nihil
2086 2042 2267 2112 aliud
2332 2042 2625 2113 continet
2676 2064 2866 2136 quam

648 2143 821 2239 quod
870 2145 999 2214 iam
1048 2145 1187 2216 illis
1240 2145 1483 2216 dictum
1534 2152 1717 2236 erat,
1789 2139 1868 2214 σὲ
1933 2141 2007 2217 δ’
2081 2137 2482 2241 ἐρχόμενον
2545 2143 2627 2215 ἐν
2692 2139 2865 2238 δίκᾳ

646 2242 871 2328 πολὺς
920 2244 1140 2342 ὄλβος
1190 2242 1703 2343 ἀμφινέμεται.
1804 2243 2041 2342 Itaque
2108 2270 2242 2317 non
2304 2245 2527 2341 inepte
2580 2242 2866 2340 Cepori-

643 2372 795 2440 nus,
847 2349 1085 2443 quique
1137 2373 1285 2419 eum
1334 2348 1596 2443 sequuti
1646 2354 1824 2439 sunt,
1874 2355 2029 2444 post
2080 2342 2437 2448 συγγενὴς
2479 2345 2867 2416 addiderunt

644 2446 750 2539 δέ,
805 2450 978 2544 quod
1029 2458 1245 2521 tamen
1294 2450 1516 2546 potius
1566 2476 1645 2521 τε
1698 2473 1844 2521 esse
1898 2449 2213 2540 debebat,
2288 2472 2415 2543 quo
2467 2447 2632 2519 haee
2683 2454 2862 2518 esset

645 2551 1010 2622 sententia:
1057 2546 1287 2645 selim
1328 2575 1432 2638 es,
1486 2548 1703 2650 quod
1733 2553 2050 2649 magnis
2091 2544 2408 2622 urbibus
2430 2549 2863 2646 imperitas,

644 2651 1290 2750 congenitumque
1352 2653 1614 2722 lamen
1675 2649 1884 2723 hane
1946 2648 2458 2724 venerabilem
2521 2649 2863 2749 dignita-

643 2761 796 2823 tem
858 2761 1003 2821 tua
1064 2752 1457 2847 sapientia
1527 2761 2038 2848 temperatam
2099 2755 2448 2824 sustinet.
2584 2753 2681 2823 At
2740 2775 2864 2824 nec

643 2851 970 2946 particula
1016 2852 1148 2922 isto
1198 2852 1350 2922 loco
1403 2851 1665 2942 addita,
1738 2876 1948 2948 neque
2015 2853 2157 2946 ἔχει
2205 2853 2276 2924 in
2326 2853 2655 2950 principio
2708 2877 2865 2925 sen-

644 2952 888 3023 tentiae
938 2952 1221 3047 positum
1274 2952 1513 3024 habent
1565 2978 1693 3048 quo
1744 2953 2009 3049 placere
2056 2956 2340 3051 possint.
2443 2955 2864 3052 Quapropter

643 3077 879 3125 vereor
927 3077 1011 3125 ne
1061 3055 1252 3124 unius
1303 3055 1566 3126 litterae
1620 3056 2043 3151 corruptione
2093 3056 2416 3128 turbatam
2468 3057 2862 3153 scripturam

642 3154 833 3226 nobis
899 3155 1380 3228 transmiserint
1442 3156 1738 3247 librarii,
1811 3158 2132 3254 siquidem
2197 3158 2441 3254 optime
2508 3158 2727 3229 omnia
2788 3182 2862 3230 se

641 3256 969 3336 habebunt
1019 3257 1161 3350 ἔχει
1209 3258 1278 3328 in
1329 3255 1481 3330 ἐπεὶ
1530 3267 1819 3330 mutatoz
1873 3285 2001 3355 quo
2053 3260 2231 3332 facto
2283 3260 2448 3331 haec
2498 3261 2628 3331 erit
2665 3259 2860 3331 huius

642 3358 779 3429 loci
829 3360 1191 3438 sententia:
1259 3369 1334 3431 te
1380 3361 1505 3432 ius
1543 3372 1980 3433 servantem
2012 3387 2317 3461 magna
2348 3363 2700 3461 sequitur
2729 3358 2860 3457 fi·

643 3461 938 3549 licitas,
998 3462 1294 3559 partim
1358 3459 1571 3560 qnod
1626 3486 1786 3534 rea:
1846 3487 1927 3535 es
1982 3487 2462 3563 magnaram
2508 3458 2858 3542 arbium:

643 3585 831 3632 nam
886 3563 1184 3660 gentile
1247 3564 1507 3635 lumen
1569 3575 1690 3635 est
1743 3563 1938 3636 leaee
2001 3567 2352 3638 mamime
2399 3560 2861 3637 venerabilia»

642 3659 995 3759 dignitas
1069 3672 1254 3736 tuae
1315 3666 1615 3737 sociata
1676 3665 2108 3766 sapientiae
2120 3692 2154 3752 ;
2225 3668 2529 3762 partim
2590 3660 2861 3739 beatus

644 3786 726 3834 es
738 3814 763 3853 ,
836 3762 1050 3862 quod
1087 3766 1344 3837 viciati
1386 3789 1603 3839 nune
1650 3768 1736 3840 in
1785 3764 1990 3839 ludis
2041 3767 2357 3863 Pythias.
2459 3766 2614 3840 Hoc
2661 3769 2858 3841 modo

644 3857 704 3934 si
753 3863 1063 3959 loquutus
1113 3873 1218 3937 est
1262 3875 1486 3962 poeta,
1537 3875 1719 3939 recte
1755 3870 1966 3965 potuit
1998 3869 2165 3940 illud
2201 3870 2568 3964 ambiguum
2605 3868 2856 3960 dicere,

646 3963 1003 4065 συγγενὴς
1048 3963 1484 4063 ὃφθαλμόςε
1555 3969 1851 4065 explicat
1911 3971 2084 4042 enim
2147 3972 2365 4042 statim
2382 4022 2406 4062 ,
2474 3970 2631 4066 quid
2682 3971 2860 4043 dicat

644 4067 863 4138 lumen
915 4068 1132 4162 gentis
1181 4072 1557 4166 proprium:
1627 4071 1951 4167 simulque
2000 4072 2164 4143 illud
2216 4072 2490 4164 indicat,
2544 4072 2720 4168 quod
2750 4074 2859 4144 in-

645 4167 749 4239 fra
797 4168 1077 4264 amplius
1125 4172 1579 4266 persequitur,
1662 4195 1703 4243 a
1751 4171 1953 4246 Batto
2015 4174 2171 4245 inde
2220 4175 2463 4245 claram
2511 4173 2719 4248 fuisse
2769 4175 2859 4245 il-

645 4270 776 4340 lam
826 4270 1079 4366 regiam
1128 4279 1427 4367 gentem,
1478 4297 1567 4347 ex
1618 4297 1747 4370 qua
1792 4273 2176 4347 Arcesilaus
2222 4298 2398 4348 nunc
2445 4282 2707 4372 regnet.

848 4370 946 4444 V.
995 4373 1119 4447 29.
1169 4375 1365 4473 (38.)
1417 4376 1564 4471 quis
1613 4399 1748 4449 non
1794 4376 2121 4486 miretur,
2149 4377 2291 4448 sine
2341 4400 2576 4451 caussa
2625 4385 2858 4450 contra
