3192 4992
644 371 730 441 92
1070 373 1174 435 DE
1214 371 1547 439 QUINQUE
1590 361 1967 433 mmcmus
1996 368 2441 433 [POETARUM.

641 549 877 617 τινῶν
923 538 1136 615 πέντε
1183 532 1594 615 ταλάντων.
1696 537 1796 612 Et
1842 536 2218 611 istiusmodi
2265 536 2569 609 ludorum
2610 534 2866 610 iudices

645 669 777 717 non
828 663 1089 739 semper
1136 665 1349 738 neque
1387 642 1460 713 in
1504 640 1803 714 omnibus
1846 640 2308 713 certaminibus
2342 638 2627 735 quinque
2662 637 2870 710 fuisse

647 752 925 842 apparet
973 768 1063 815 ex
1109 744 1222 835 iis,
1276 759 1441 840 quae
1492 741 1894 814 Timotheus
1960 742 2204 813 tibicen
2269 739 2441 838 apud
2492 737 2869 812 Luciauum

631 849 716 918 'in
768 844 1177 919 Harmonide
1244 869 1307 917 c.
1358 848 1434 917 2.
1488 844 1585 915 Τ.
1638 842 1703 914 Ι.
1767 867 1839 939 p.
1893 844 2041 916 853
2094 841 2294 913 dicita
2358 840 2489 915 καὶ
2532 838 2679 941 γὰρ
2731 834 2871 914 οὗν

646 946 774 1022 καὶ
822 949 905 1021 ἐν
951 949 1107 1028 τοῖς
1156 945 1444 1046 ἀγῶσιν
1505 944 1575 1018 οἱ
1623 941 1763 1040 μὲν
1813 942 2066 1017 πολλοὶ
2111 942 2385 1016 θεαταὶ
2444 946 2650 1014 ἰ’σασι
2698 969 2873 1037 κρο-

644 1047 865 1144 τῆσαί
913 1075 1087 1122 ποτε
1134 1045 1264 1121 καὶ
1312 1042 1613 1143 συρίσαι
1625 1100 1652 1135 ,
1717 1045 2056 1143 κρίνουσι
2106 1042 2188 1118 δὲ
2240 1041 2420 1117 ἑπτὰ
2469 1041 2517 1140 ἢ
2566 1042 2776 1118 πέντε
2820 1040 2872 1138 ἢ

648 1149 811 1224 ὅσοι
861 1145 978 1246 δή.
1081 1147 1224 1222 Sed
1276 1172 1518 1247 operae
1566 1150 1850 1247 pretium
1903 1156 2007 1220 est
2056 1148 2391 1243 singulare
2427 1147 2670 1218 factum
2709 1169 2872 1217 con-
2906 1213 2909 1218 .

649 1251 945 1324 siderare
962 1303 987 1343 ,
1065 1249 1238 1346 quod
1289 1258 1514 1325 narrat
1562 1249 1962 1321 Plutarchus
2025 1250 2095 1320 in
2146 1250 2283 1320 vita
2333 1246 2655 1319 Cimonisx
2680 1270 2744 1318 c.
2793 1248 2896 1320 8.“

647 1348 952 1450 πρώτην
1018 1351 1164 1453 γὰρ
1235 1347 1730 1425 διδασκαλίαν
1790 1358 1927 1424 τοῦ
1992 1348 2464 1447 Σοφοκλέους
2532 1349 2636 1421 ἔτι
2699 1345 2871 1423 νέου

645 1454 1013 1537 καθέντος
1059 1450 1444 1550 Ἀφεψίων
1509 1450 1549 1525 ὅ
1604 1452 1884 1547 ἄρχων,
1955 1449 2400 1549 φιλονεικίας
2427 1465 2449 1482 ’“
2463 1450 2686 1545 οὔσης
2745 1447 2874 1523 καὶ

648 1551 1124 1651 παρατάξεως
1184 1561 1342 1629 τῶν
1401 1555 1733 1642 θεατῶν,
1810 1551 2064 1648 κριτὰς
2124 1550 2267 1648 μὲν
2330 1550 2466 1625 οὐκ
2514 1547 2872 1646 ἐκλήρωσε

644 1664 784 1731 τοῦ
836 1653 1161 1757 ἀγῶνος·
1243 1653 1346 1738 ὥς
1410 1653 1492 1729 δὲ
1542 1653 1810 1749 Κίμων
1868 1653 2059 1749 μετὰ
2122 1662 2291 1728 τῶνΦ
2342 1648 2874 1753 συστρατήγων

646 1756 1044 1854 προελθὼν
1091 1761 1192 1839 εἶς
1239 1754 1325 1844 τὸ
1374 1758 1706 1857 θέατρον
1765 1752 2154 1851 ἐποιήσατο
2202 1762 2309 1852 τῷ
2361 1757 2524 1852 θεῷ
2572 1752 2707 1836 τὰς
2753 1781 2875 1827 νε-

644 1857 1100 1955 νομισμένας
1163 1854 1493 1940 σπονδάς
1507 1911 1533 1952 ,
1607 1857 1744 1932 οὐκ
1808 1858 2092 1954 ἀφῆκεν
2158 1854 2429 1939 αὐτοὺς
2493 1856 2871 1944 ἀπελθεῖν,

648 1960 810 2034 ἀλλ’
874 1956 1209 2058 ὁρκώσας
1255 1956 1628 2060 ἠνάγκασε
1678 1956 1994 2032 καθίσαι
2040 1957 2169 2031 καὶ
2213 1963 2464 2054 κρῖναι
2516 1954 2693 2030 δέκα
2745 1956 2873 2031 ὄν-
2940 1965 2947 1974 “

644 2089 781 2144 τας
843 2061 990 2135 ἀπὸ
1053 2067 1291 2158 φυλῆς
1353 2069 1529 2154 μιᾶς
1590 2061 1921 2135 ἕκαστον.
2002 2057 2042 2132 ὅ
2091 2056 2233 2154 μὲν
2297 2053 2435 2134 οὖν
2485 2056 2694 2159 ἄγων
2740 2055 2874 2132 διὰ

643 2162 734 2237 τὸ
809 2170 968 2237 τῶν
1043 2170 1320 2260 κριτῶν
1382 2161 1675 2257 ἀξίωμα
1738 2159 1875 2257 τὴν
1940 2158 2371 2258 φιλοτιμίαν
2445 2159 2868 2257 ὑπερέβαλε.

646 2265 785 2337 llic
848 2288 1045 2362 quum
1107 2265 1228 2335 illa
1292 2264 1619 2337 addiderit
1681 2262 2119 2355 Plutarchus,
2200 2261 2377 2336 δέκα
2442 2262 2663 2345 ὄντας
2726 2259 2871 2335 ἀπὸ

648 2371 889 2465 φυλῆς
915 2387 926 2398 ”
935 2372 1113 2461 μιᾶς
1161 2366 1496 2454 ἕκαστον,
1549 2359 1973 2439 coniecerunt
2022 2389 2111 2437 ex
2153 2390 2232 2438 eo
2280 2389 2475 2461 quum
2518 2366 2634 2436 alii
2664 2364 2867 2455 docti,

647 2478 787 2541 tum
837 2466 961 2538 Fr.
1016 2465 1636 2541 Gu.‘Tittmannus
1685 2470 1756 2539 in
1807 2468 2081 2565 egregio
2128 2468 2330 2559 libro,
2358 2490 2574 2563 ,quem
2618 2466 2709 2538 de
2759 2490 2870 2537 re-

646 2570 772 2640 bus
821 2569 1105 2663 publicis
1158 2566 1569 2641 Graecorum
1636 2570 1944 2665 scripsit,
2009 2593 2081 2666 p.
2134 2569 2309 2644 299.
2377 2576 2720 2665 praetores
2783 2581 2870 2638 'ex

649 2670 933 2765 singulis
982 2669 1280 2741 tribubus
1332 2671 1631 2764 singulos
1683 2693 1831 2740 esse
1883 2679 2169 2761 creatos,
2221 2670 2595 2742 dubitanter
2627 2683 2864 2757 tamen,

648 2771 803 2866 quia
851 2768 1120 2840 Pollux·
1155 2766 1368 2846 VIII.
1421 2773 1546 2843 87.
1598 2770 1905 2864 scripsitz
1971 2767 2099 2841 καὶ
2145 2774 2468 2865 κληροῦν
2518 2763 2868 2850 δικαστὰς

644 2868 774 2945 καὶ
823 2866 1251 2951 ἀθλοθέτας
1314 2869 1447 2943 ἕνα
1494 2868 1685 2942 κατὰ
1735 2867 1984 2966 φυλὴν
2047 2867 2363 2967 ἑκάστην
2378 2899 2417 2926 ·-
2469 2870 2593 2947 καὶ
2642 2890 2866 2965 στρα-

642 2968 912 3071 τηγοὺς
967 2975 1416 3066 χειροτονεῖν
1476 2973 1554 3055 ἐξ
1599 2968 1977 3046 ἁπάντων.
2079 2972 2336 3046 Eadem
2388 2996 2532 3047 cum
2582 2971 2864 3043 circum-

646 3074 989 3170 spectione
1059 3074 1230 3145 hanc
1278 3096 1417 3144 rem
1467 3073 1692 3169 tetigit
1743 3071 1826 3147 C.
1880 3073 2002 3145 Fr.
2054 3074 2469 3147 Hermannus
2519 3072 2589 3144 in
2643 3070 2864 3145 Grae-
2996 3157 3005 3162 k

648 3199 875 3248 corum
925 3175 1420 3271 antiquitatibus
1481 3175 1777 3272 politicis
1842 3178 1928 3275 ᾧ.
1987 3180 2158 3252 152.
2219 3181 2362 3244 not.
2434 3174 2510 3249 6.
2576 3173 2863 3247 conferri

644 3277 890 3349 iubens·
942 3275 1353 3349 Boecklnium
1418 3276 1489 3347 in
1556 3274 1764 3374 Corp-
1816 3276 2037 3351 Inscr.
2102 3305 2174 3371 p.
2229 3276 2404 3349 294.
2471 3276 2584 3372 qui
2647 3283 2863 3348 tamen

648 3376 1104 3451 difficultatem
1166 3403 1298 3450 non
1348 3378 1612 3474 penitus
1663 3380 2027 3452 sustulerit.
2150 3377 2299 3449 Nos
2349 3376 2517 3448 nihil
2566 3377 2863 3450 tribuen-

646 3480 800 3552 dum
849 3488 1151 3580 putamus
1200 3479 1508 3572 Polluci,
1580 3482 1893 3579 scriptori
1941 3501 2068 3548 nec
2115 3476 2312 3550 docto
2380 3486 2449 3552 et
2493 3479 2690 3551 ¹valde
2739 3503 2862 3552 ne-

603 3635 620 3640 ·
646 3582 956 3677 gligenti,
1009 3581 1123 3654 sed
1176 3582 1579 3653 verissimam
1631 3606 1779 3654 esse
1829 3602 2167 3651 censemus
2211 3579 2549 3653 Boeckbii-
2592 3581 2893 3654 senteu-‘

644 3683 845 3775 tiam,
899 3706 1070 3779 quae
1116 3709 1311 3781 quum
1358 3691 1635 3779 propter
1682 3680 1848 3751 alias
1901 3704 2169 3753 caussas
2220 3684 2501 3754 maxime
2525 3682 2862 3780 ›probabi-

643 3785 731 3856 lis
784 3793 912 3876 est,
964 3793 1099 3857 tum
1154 3785 1575 3858 confirmatur
1621 3780 2093 3873 Androtionis,
2147 3782 2231 3854 de
2280 3809 2410 3880 quo
2460 3784 2579 3856 ille
2629 3784 2859 3856 codem

639 3886 712 3957 >in
764 3887 1092 3964 volumine
1141 3884 1653 3979 Inscriptionnm
1702 3908 1774 3980 p.
1815 3885 1992 3959 906.
2042 3884 2427 3981 disputavit,
2478 3886 2857 3959 testimonio

627 3985 820 4085 ‘apud
871 3988 1290 4060 scholiastam
1339 3983 1659 4057 Aristidis
1708 4010 1781 4082 p.
1831 3988 2005 4060 485.
2069 3985 2192 4082 ’φή
2242 3986 2485 4060 decem·
2514 3996 2856 4086 praetores

642 4090 739 4161 ita
788 4093 1304 4177 enumeraverat,
1356 4093 1429 4157 ut
1478 4085 1739 4159 adiecta
1786 4085 2122 4159 demotum
2173 4089 2438 4162 nomina
2474 4083 2856 4164 consuetum

645 4191 938 4264 ordinem
1002 4187 1284 4261 tribuum
1352 4197 1821 4284 sequerentur,
1901 4189 2031 4276 nisi
2097 4191 2272 4286 quod
2336 4215 2422 4263 ex
2484 4216 2615 4263 una
2682 4183 2883 4264 tribu'

640 4283 1069 4364 Acamantide
1134 4289 1261 4362 duo
1327 4291 1670 4380 memorati
1746 4298 1900 4363 sunt
1961 4302 2344 4388 praetores,
2415 4292 2718 4366 Pericles
2787 4299 2855 4363 et

589 4390 956 4469 7Glaucoe*
1016 4415 1287 4489 quorum
1337 4390 1710 4486 Periclem,
1777 4417 1974 4491 quum
2037 4394 2253 4468 trium·
2295 4394 2694 4468 ultimarum.
2729 4394 2853 4468 tri-
2924 4439 2941 4446 -
