3192 4992
612 342 742 412 242
1023 329 1028 338 “
1411 346 1524 406 nu
1587 345 2039 408 ATLANTE.

617 513 792 586 facio
844 537 991 586 eum
1046 511 1277 603 virum,
1332 537 1525 609 quum
1578 521 1865 611 propter
1902 513 2239 611 ingenium
2290 522 2488 609 atque
2520 514 2849 588 emditio-

617 640 791 706 nem,
835 619 981 686 'tum
1034 615 1115 686 ob
1169 614 1640 710 ingenuitatem
1693 616 1933 707 animi,
1999 641 2132 688 non
2183 616 2672 689 reformidantis
2722 641 2852 689 nu-

619 717 763 789 bem
818 716 1081 787 missam
1125 714 1371 807 facere,
1424 718 1536 788 ubi
1568 715 1892 789 Iunonem
1942 743 2071 789 non
2109 742 2255 789 esse
2294 718 2655 789 intellexit.
2735 717 2848 790 Eo

618 818 833 907 minus
886 841 1160 908 vereor,
1213 841 1296 889 ne
1348 818 1450 909 ei,
1505 819 1563 889 si
1618 842 1718 890 me
1772 819 2265 891 dissentientem
2316 820 2396 890 ab
2450 843 2525 890 se
2573 820 2849 891 invene-

618 919 736 1009 rit,
788 917 968 990 alind
1020 942 1211 1015 qnam
1261 943 1482 990 verum
1537 920 1938 1016 quaesivisse
1991 920 2241 991 videar.

557 1023 566 1030 ‘
821 1023 928 1092 Ac
977 1028 1158 1091 recte
1207 1019 1326 1091 ille
1380 1021 1640 1116 quidem
1692 1022 1770 1092 ab
1824 1022 2105 1093 nominis
2140 1021 2587 1118 explicatione
2635 1020 2846 1116 profi-

621 1122 917 1212 ciscitur,
972 1145 1100 1216 quo
1151 1145 1284 1205 non
1335 1146 1482 1192 eum
1534 1122 1647 1219 qui
1674 1147 1977 1219 ,corpore
2030 1147 2150 1194 suo
2202 1122 2452 1219 aliquid
2501 1123 2842 1213 sustineat,

594 1304 601 1317 ,Α
622 1223 738 1295 sed
792 1224 903 1318 qui
955 1224 1170 1294 animo
1221 1223 1484 1294 labores
1536 1232 1604 1295 et
1658 1225 1827 1295 mala
1876 1224 2204 1321 patienter
2236 1224 2430 1314 ferat,
2484 1224 2844 1319 significari

517 1371 535 1388 Ι
622 1324 937 1396 ostendit.
1039 1321 1245 1415 Inde,
1312 1333 1661 1421 postquam
1726 1325 1807 1398 de
1859 1326 2170 1400 fratribus
2219 1324 2512 1397 Atlantis
2561 1325 2847 1398 Menoe-

620 1426 743 1516 tio,
797 1424 1222 1516 Prometheo,
1274 1421 1672 1522 Epimetheo
1716 1427 1921 1518 dixit,
1975 1428 2193 1499 statim
2247 1427 2527 1523 quaerit,
2582 1427 2696 1522 qui
2745 1425 2850 1496 fa-
2900 1423 2907 1446 ¹

622 1528 978 1619 ctum-sit,
1050 1527 1245 1599 Atlas
1298 1539 1371 1600 ut
1420 1530 1617 1601 simul
1667 1537 1736 1600 et
1786 1530 2039 1601 caelum
2111 1537 2180 1600 et
2229 1537 2466 1599 terram
2521 1528 2848 1599 sustinere

623 1629 1030 1720 crederetur,
1080 1629 1484 1725 inclinatque
1537 1654 1647 1720 eo,
1698 1638 1774 1701 ut
1822 1638 2009 1726 putet
2064 1631 2245 1726 prius
2293 1629 2687 1725 imaginibus
2737 1653 2850 1700 re·

621 1739 1106 1826 praesentatum
1135 1729 1473 1802 Atlantem
1524 1755 1698 1822 esse,
1753 1755 1945 1827 quam
1997 1731 2079 1803 de
2124 1755 2204 1803 eo
2249 1731 2646 1804 cecinissent
2684 1754 2851 1826 poe-

620 1840 770 1908 tae:
844 1832 1087 1928 quippe
1135 1831 1455 1923 artifices,
1510 1835 1623 1928 qui
1659 1833 1883 1927 effigie
1928 1834 2149 1928 aliqua
2185 1831 2532 1904 ostendere
2568 1832 2848 1904 animum

473 1931 498 1962 ⁸
622 1932 854 2028 gravia
917 1933 1247 2028 patienter
1293 1931 1610 2008 ferentem
1665 1936 1950 2025 vellent,
2014 1935 2255 2006 fecisse
2306 1934 2585 2029 figuram
2634 1933 2851 2014 homi·-

571 2025 770 2124 41ais,
843 2034 956 2129 qui
1017 2033 1274 2129 pondus
1323 2035 1524 2131 longe
1576 2037 2072 2131 gravissimum,
2144 2036 2399 2108 caelum
2449 2058 2529 2107 ac
2578 2042 2847 2126 terram,

621 2144 941 2231 gestaret.
1042 2132 1126 2205 Id
1202 2160 1432 2208 vereor
1497 2145 1603 2208 ut.
1634 2138 1858 2210 multis
1908 2137 2329 2234 persuadeat.
2431 2135 2601 2207 Nam
2652 2137 2848 2207 etiam

520 2309 523 2314 ,
621 2236 682 2307 si
731 2235 1025 2332 fingendi
1092 2245 1299 2309 artem
1349 2238 1555 2311 multo
1608 2247 1758 2312 ante
1808 2238 2169 2313 Homerum
2223 2239 2305 2310 ad
2356 2237 2639 2333 aliquam
2692 2261 2849 2334 per-

620 2336 970 2410 fectionem
1039 2337 1384 2412 adductam
1449 2364 1598 2412 esse
1665 2341 2122 2432 concedimus,
2205 2349 2422 2411 tamen
2484 2338 2656 2412 illud
2718 2364 2849 2412 nou

620 2439 836 2511 solum
887 2463 929 2512 a
978 2439 1402 2536 simplicitate
1455 2443 1906 2538 antiquitatis,
1980 2467 2204 2515 verum
2269 2443 2465 2514 etiam
2517 2440 2598 2511 ab
2648 2440 2848 2514 animi

618 2539 886 2614 humani
937 2550 1169 2613 natura
1220 2542 1555 2634 abhorret,
1614 2553 1722 2634 ut,
1796 2545 1909 2640 qni
1959 2545 2309 2616 simulacra
2358 2541 2645 2632 faciant,
2714 2567 2845 2614 non

621 2665 788 2736 quae
839 2650 991 2712 ante
1035 2643 1275 2740 ‘oculos
1326 2643 1608 2716 habeant
1661 2646 2038 2736 imitentur,
2096 2645 2216 2718 sed
2266 2668 2391 2716 res
2427 2644 2729 2739 corporis
2782 2650 2849 2714 et

501 2787 508 2792 =
617 2741 873 2836 figurae
925 2750 1263 2837 expertes,
1319 2767 1484 2838 quae
1536 2744 1682 2816 sola
1735 2747 2138 2841 cogitatione
2170 2744 2636 2841 comprehendi
2685 2770 2849 2841 pos-

619 2843 793 2932 sint,
864 2865 989 2937 per
1049 2842 1372 2939 imagines
1437 2844 1776 2918 declarare
1840 2846 2169 2922 studeant.
2289 2846 2651 2941 Imagines'
2676 2847 2847 2920 enim

618 2941 1024 3026 imitationes
1076 2954 1230 3017 sunt
1293 2970 1511 3018 rerum
1577 2971 1746 3044 quae
1798 2949 2011 3046 oculis
2062 2949 2245 3024 cerni
2296 2958 2611 3046 possunt:
2685 2972 2847 3045 quas

590 3062 731 3116 ‘res
782 3045 842 3117 si
894 3046 1040 3141 quis
1091 3070 1225 3118 non
1271 3047 1342 3118 id
1392 3048 1606 3145 ipsum
1659 3051 1833 3146 quod
1886 3059 2075 3142 sunt,
2143 3051 2264 3123 sed
2312 3051 2491 3122 aliud
2544 3050 2699 3146 quid
2751 3051 2848 3121 si·-

622 3146 938 3244 gnificare
997 3150 1171 3238 vult,
1226 3149 1488 3224 aliunde
1540 3153 1874 3248 cognitum
1929 3154 2018 3225 sit
2065 3177 2337 3225 necesse
2388 3160 2494 3224 est
2544 3151 2700 3248 quid
2752 3151 2849 3224 si-

621 3247 964 3345 gnificent.
1068 3250 1250 3341 Quas
1283 3251 1602 3348 Aegyptii
1654 3263 1766 3326 aut
1808 3252 1963 3326 Indi
2015 3255 2263 3328 aliaeve
2315 3255 2628 3338 barbarae
2680 3278 2851 3349 gen-

623 3358 726 3440 tes
779 3349 1046 3422 deorum
1097 3351 1341 3424 formas
1394 3354 1702 3427 belluinis
1755 3355 2079 3452 capitibus
2131 3364 2244 3428 aut
2291 3356 2516 3430 multis
2563 3355 2868 3428 brachiis.

625 3459 739 3522 aut
788 3452 940 3522 aliis
989 3453 1201 3525 modis
1255 3453 1568 3526 distortas
1618 3456 1993 3548 finxerunt,
2061 3482 2192 3529 non
2256 3465 2613 3553 potnerunt
2661 3458 2847 3552 prins

624 3551 916 3647 fingere,
991 3578 1184 3650 quam
1248 3556 1510 3629 aliunde
1582 3566 1975 3655 acceperant
2039 3559 2196 3655 quid
2245 3559 2622 3647 indicarent,
2676 3559 2847 3630 istae

622 3650 897 3725 formae.
995 3657 1293 3753 Alioqui,
1348 3657 1461 3753 qni
1493 3658 1978 3755 adspexissent,
2029 3672 2322 3734 monstra
2352 3660 2600 3757 potius,
2656 3684 2850 3755 quam

623 3752 944 3848 imagines
1009 3757 1280 3830 deorum
1331 3783 1478 3832 esse
1530 3761 1992 3836 credidissent.
2091 3760 2351 3834 Eadem
2400 3762 2573 3858 apud
2625 3758 2849 3833 Grae-

626 3878 743 3926 eos
793 3855 964 3958 ratio
1015 3857 1142 3931 fuit
1187 3861 1570 3956 imaginum.
1670 3862 1985 3952 Mulieris
2020 3863 2308 3961 effigiem
2342 3864 2665 3960 anguibus
2702 3862 2850 3935 cin-

626 3962 773 4028 ctae
825 3963 893 4026 et
942 3956 1152 4031 facem
1196 3962 1481 4042 tenentis
1520 3964 1733 4060 quivis
1765 3967 2359 4064 praestigiatricem
2388 3966 2609 4063 potius
2656 3988 2848 4062 quam

600 4054 898 4138 Furiam
951 4082 1098 4132 esse
1148 4071 1450 4159 putaret,
1483 4066 1646 4137 ‚nisi
1699 4068 1812 4163 qui
1861 4076 2012 4141 ante
2065 4067 2444 4158 didicisset,
2517 4067 2673 4164 quid
2726 4089 2848 4137 an-

624 4179 789 4251 gues
852 4157 970 4231 isti
1048 4168 1116 4233 et
1181 4162 1373 4235 taeda
1438 4164 1567 4238 sibi
1635 4165 1908 4239 vellent.
2037 4165 2147 4241 Ita
2211 4169 2505 4241 Atlantis
2587 4191 2846 4265 quoque

622 4260 883 4357 imago,
920 4271 1356 4362 'quocumque
1421 4266 1615 4340 modo
1669 4267 1979 4365 fingatur,
2031 4270 2197 4344 nihil
2249 4278 2353 4343 est
2402 4269 2531 4343 nisi
2585 4269 2844 4367 effigies

521 4449 536 4460 ς
625 4358 912 4450 hominis
957 4365 1192 4462 iugens
1244 4392 1409 4450 onus
1459 4370 1873 4446 sustinentis.
1971 4373 2176 4444 Aliud
2229 4373 2385 4469 quid
2438 4397 2518 4444 ea
2558 4373 2843 4468 imagine
