3192 4992
660 374 787 444 m
1267 374 2255 476 mmmm

657 545 839 640 Quin
887 544 1086 622 etim
1152 566 1319 640 quae
1365 542 1619 616 staffi-
1642 548 2043 669 sequuntur,
2111 538 2208 615 τὰ
2257 536 2400 637 μεν
2446 540 2742 618 θεῶν’
2706 538 2885 640 σχή-

657 675 862 743 ματα
908 640 1312 742 ὶσορῤόπως
1358 640 1616 742 εὖήνια
1664 644 1850 720 ὄντα
1901 640 2176 740 ρᾳδιως
2220 639 2648 743 πορεύεται,
2711 643 2888 718 Em·

613 797 616 800 π
654 748 955 848 pedoclis
1006 747 1359 821 dictionem
1417 745 1701 844 prodere
1767 747 2012 852 coniici
2067 753 2292 844 potest
2339 770 2430 826 ex
2478 746 2665 818 illius
2713 771 2887 844 poe-

655 858 766 936 tae
814 875 883 923 v·
934 852 1113 925 343.

957 997 1191 1095 πέμπε
1239 997 1416 1099 παρ’
1474 994 1811 1097 εὖσεβίης
1860 993 2156 1073 ἐλάουσ’
2213 993 2511 1096 εὐήνιον
2545 996 2774 1097 ἅρμα.

653 1152 849 1227 Haec
894 1152 1102 1250 igitur
1148 1154 1510 1249 legentem
1542 1151 1607 1223 si
1671 1151 1819 1248 quis
1882 1157 2146 1223 moneat
2202 1150 2406 1224 modo
2469 1150 2673 1223 verba
2732 1150 2883 1248 ipsa

653 1254 892 1355 poesin
956 1254 1298 1352 spirare,
1291 1253 1523 1325 modo
1539 1304 1565 1345 ‚
1637 1252 1753 1324 uhi
1816 1252 2112 1324 ordinem
2176 1253 2525 1342 vei-horn
2590 1252 2882 1327 servavit
2935 1264 2940 1268 ’

653 1356 854 1430 Plato
871 1408 897 1448 ,
963 1363 1192 1452 aperte
1257 1357 1487 1428 vei-sus
1537 1378 1688 1426 esse
1698 1403 1726 1446 ‚
1798 1354 1912 1425 ubi
1961 1362 2181 1426 autem
2226 1355 2544 1446 mutavit,
2608 1353 2681 1425 id
2726 1378 2881 1427 eum

654 1457 896 1531 fecisse
948 1481 1077 1555 quo
1126 1480 1211 1530 ne
1262 1456 1560 1528 versibus
1608 1454 1795 1551 loqui
1836 1456 2199 1548 videretur,
2248 1456 2447 1528 facile
2482 1455 2754 1542 efficiet,
2803 1462 2882 1528 ut

656 1558 803 1657 quis
853 1581 1020 1656 quae
1071 1567 1413 1657 poetarum
1452 1564 1605 1631 sunt
1639 1580 1681 1628 a
1719 1556 1933 1628 verbis
1962 1557 2346 1657 philosophi
2388 1556 2754 1655 distinguat
2783 1559 2881 1657 ⁶).

673 1737 678 1744 -
854 1692 1116 1768 Similis
1163 1693 1336 1768 ratio
1389 1702 1492 1766 est
1505 1745 1530 1784 ,
1596 1717 1795 1790 quum
1845 1692 2183 1790 quaeritur
2246 1692 2405 1790 quid
2452 1699 2636 1765 recte
2686 1699 2882 1789 apte-

655 1820 783 1893 que
831 1797 942 1869 vel
991 1795 1204 1870 minus
1246 1795 1491 1868 dictum
1531 1793 1649 1867 sit.
1746 1792 2314 1876 Laudatissimum
2342 1801 2447 1868 est
2474 1794 2880 1890 epigramma

653 1896 1058 2075 ffizrzigllig·
1087 1898 1161 1969 in
1221 1896 1419 1990 illos,
1488 1896 1603 1994 qui
1644 1893 1959 1969 Leonida
2022 1894 2190 1969 duce
2252 1895 2339 1970 ad
2388 1895 2879 1993 Thermopylas

956 2143 1020 2224 ὦ
1072 2148 1284 2238 ξεῖν’,
1336 2147 1726 2276 ἀγγέλλειν
1760 2144 2477 2243 Λακεδαιμονίοις“
2433 2175 2548 2224 οτι
2596 2144 2778 2244 τῇδε
2864 2161 2876 2173 “

1051 2204 1370 2348 κείμείθα
1416 2253 1570 2335 τοῖς
1615 2248 1884 2325 κείνων
1932 2246 2205 2347 ῥήμασι
2252 2244 2708 2347 πειθόμενοι.

646 2402 990 2480 Nullum
967 2429 1038 2476 ιιι
1087 2404 1194 2478 his
1242 2403 1513 2477 verbum
1561 2411 1666 2477 est
1679 2449 1704 2495 ,
1760 2401 1946 2500 quod
2009 2425 2142 2478 non
2194 2409 2262 2476 et
2310 2402 2754 2476 necessarium
2806 2410 2878 2476 et

646 2508 930 2579 maxime
981 2505 1320 2603 proprium
1370 2506 1484 2597 sit,
1538 2505 1860 2603 siquidem
1901 2505 2099 2590 etiam
2135 2500 2407 2600 ῥήμασι
2440 2498 2883 2599 πειθόμενοι

645 2605 1325 2733 Lacedaemoniorum
1378 2630 1679 2678 sermone
1732 2605 1975 2678 dictum
2025 2601 2168 2698 est,
2223 2606 2396 2704 quod
2447 2605 2565 2677 alii
2612 2602 2876 2679 πειθό-

647 2732 860 2804 μενοι
906 2703 1249 2824 νομίμοις
1298 2706 1624 2777 communi
1658 2704 2069 2778 Graecorum
2098 2731 2222 2779 usu
2257 2702 2635 2805 scripsere.
2693 2706 2875 2781 Pro-

647 2817 799 2905 pter
847 2807 1021 2878 hanc
1077 2807 1290 2903 ipsam
1355 2806 1844 2903 simplicitatem
1909 2815 2123 2879 autem
2187 2809 2352 2880 nihil
2416 2810 2521 2881 his
2571 2808 2871 2882 versibus

645 2909 914 3007 gravius
964 2907 1130 3004 fingi
1191 2915 1438 3004 potest.
1558 2906 1730 2980 Nam
1800 2932 1994 3004 quum
2049 2906 2215 3005 quid
2279 2911 2375 2983 ita
2426 2919 2871 3008 comparatum

585 3037 596 3046 ⁸
647 3018 805 3103 ests
830 3017 927 3101 ut,
981 3034 1109 3106 quo
1161 3010 1370 3106 magis
1421 3010 1638 3082 solum
1687 3033 1767 3081 ac
1793 3009 2059 3098 ‘nudum
2110 3012 2539 3109 conspicitur,
2593 3036 2674 3085 eo
2725 3036 2872 3083 ma-

645 3113 751 3184 ius
802 3119 996 3208 atque
1048 3110 1492 3184 admirabilius
1542 3119 1884 3209 appareat,
1936 3112 2081 3184 sola
2133 3111 2661 3187 commemoratio
2704 3113 2867 3186 satis

595 3249 600 3254 ·
646 3221 790 3305 est,
856 3220 1202 3309 nocetque.
1232 3214 1441 3286 omnis
1495 3221 1805 3304 ornatus,
1875 3212 2028 3309 quia
2081 3213 2403 3287 abstrahit
2448 3216 2733 3287 animum
2784 3214 2865 3286 ab

644 3315 855 3415 ipsius
904 3314 1006 3388 rei
1056 3314 1500 3413 cogitatione,
1573 3339 1698 3389 nec
1758 3316 2007 3411 patitur
2071 3340 2153 3389 ea
2216 3324 2426 3390 totum
2477 3324 2867 3414 occupatum

715 3695 720 3702 -
825 3650 885 3736 ⁶)
951 3652 1289 3713 Manifestam
1340 3657 1397 3712 in
1450 3653 1536 3712 his
1590 3657 1887 3738 petitionem
1951 3658 2188 3735 principii
2247 3676 2366 3716 esse
2419 3660 2493 3715 ait
2542 3656 2863 3718 Boeckhius.

643 3740 762 3818 Ipse
800 3738 1068 3797 Platonem
1111 3738 1238 3797 dicit
1279 3758 1333 3817 Ρ.
1378 3736 1519 3799 238.
1560 3739 1636 3802 D.
1692 3740 1952 3799 Socratem
1996 3740 2244 3801 dicentem
2289 3744 2507 3812 fecisse,
2550 3744 2758 3818 saepius
2802 3762 2862 3801 se

643 3845 677 3883 a
716 3821 953 3900 nymphis
984 3831 1268 3900 correptum
1299 3826 1382 3894 iri,
1422 3841 1755 3903 sermoneque
1785 3839 2002 3885 usurum
2036 3846 2171 3904 pene
2191 3825 2557 3899 ‹litim-ambico
2602 3822 2682 3906 (Ρ.
2715 3825 2863 3887 241.

639 3904 765 3988 Ε.,)
814 3907 1032 3967 historia
1071 3909 1202 3980 nihil
1241 3915 1484 3967 testatum
1527 3928 1645 3967 esse
1685 3914 1789 3970 nisi
1841 3903 2124 3989 ὀχήματα
2163 3904 2373 3988 edvium
2422 3912 2491 3970 ad
2529 3911 2863 3987 Empedoclis

638 3989 978 4055 imitationem
1034 3994 1172 4051 dicta
1222 4001 1273 4051 et
1326 3993 1573 4071 quaedam
1628 3994 2001 4073 Empedocleae
2055 3995 2476 4075 daemonologiae
2526 3997 2722 4055 similia
2777 3992 2858 4076 (v.

639 4077 761 4140 Ast.
785 4098 839 4157 Ρ.
847 4074 1004 4144 291.
1032 4072 1201 4157 294.)
1247 4077 1559 4151 Dionysium
1601 4079 1731 4138 illud
1762 4078 1949 4162 διθυρ
1954 4077 2236 4158 αμβῶδες
2266 4087 2321 4140 in
2355 4086 2504 4159 epist.
2529 4080 2597 4139 ad
2612 4081 2857 4160 Pompei.

637 4159 877 4243 Ρ..128
918 4161 1060 4234 sylb.
1102 4168 1172 4220 et.
1213 4183 1279 4220 π.
1316 4164 1427 4241 τῆς
1469 4159 1767 4240 Δημοσθ.
1808 4102 2092 4243 δεινότ.Ρ
2095 4163 2279 4225 ,166
2320 4162 2396 4248 s.)
2451 4184 2734 4224 memorare
2789 4186 2858 4225 ex

638 4247 892 4319 Phaedro,
930 4253 983 4304 et
1020 4266 1072 4323 Ρ.
1117 4242 1260 4305 246.
1300 4246 1371 4307 Ε.
1417 4244 1495 4329 (Ρ.
1542 4246 1692 4329 167)
1734 4248 1873 4308 hunc
1913 4256 2082 4329 ipsum
2133 4250 2303 4309 locum
2346 4250 2556 4322 afferre,
2611 4249 2706 4310 sed
2748 4270 2853 4309 non

638 4337 844 4413 longius
884 4317 1139 4410 progredi,
1179 4349 1329 4407 quam
1371 4341 1446 4402 ut,
1489 4335 1535 4390 si
1577 4333 1801 4393 melodia
1840 4342 1893 4393 et
1923 4333 2191 4408 rhythmus
2221 4335 2530 4407 accederent,
2574 4334 2853 4408 dithyram-

601 4437 602 4440 ’
638 4421 753 4478 bica
790 4427 845 4487 et
877 4415 1325 4497 hyporchematica
1360 4417 1525 4476 videri
1565 4418 1721 4478 dieat.
