3192 4992
650 368 780 440 π
1075 368 1191 454 :oa
1234 367 1609 432 anscmu
1650 368 2028 470 ramosus
2068 365 2470 430 mnam.

647 530 951 631 κόρδαξ.
1053 534 1250 628 Quod
1302 536 1361 609 si
1401 533 1723 633 Hesychii
1769 531 2218 607 testimonium
2269 532 2490 626 cadit,
2554 531 2725 605 nihil
2774 557 2886 607 re-

649 638 1016 735 *linquitur5
1083 661 1217 735 quo
1271 638 1622 734 satyricam
1671 635 1957 708 fabulam
2009 635 2214 708 fuisse
2263 635 2557 731 Argivos
2611 659 2886 708 censeao¹

651 764 826 812 mus.
925 737 1097 812 Nam
1145 741 1338 838 'quem
1392 762 1650 812 versum
1701 737 2148 836 Harpocratio
2211 737 2283 810 in
2339 733 2617 833 χλῆδος
2666 736 2883 832 affert,

907 887 1035 963 καὶ
1084 887 1326 964 παλτὰ
1374 885 1800 992 κᾶγκύλητα
1849 888 1977 963 καὶ
2019 884 2306 984 χλῆδον
2352 881 2643 984 βαλών,

656 1043 729 1116 in
780 1065 908 1139 quo
943 1040 1262 1115 Valesius
1312 1042 1728 1115 scribendum
1778 1040 2051 1137 putabat
2103 1036 2231 1114 καὶ
2256 1033 2494 1113 πάλτ*
2554 1032 2885 1140 ἀναγκύ-

660 1151 868 1240 ama,
918 1143 979 1215 is
1030 1144 1198 1216 nihil
1249 1144 1580 1235 continet,
1635 1143 1809 1239 qnod
1861 1166 1901 1214 a
1951 1142 2277 1238 gravitate
2328 1140 2711 1238 tragoediae
2762 1142 2882 1214 ab-

656 1246 931 1318 horrere
984 1245 1306 1317 videatur.
1407 1246 1542 1337 Qui
1590 1269 1821 1319 versus
1872 1244 1931 1315 si
1980 1242 2395 1315 Boeckhium
2446 1242 2759 1333 adduxit,
2810 1249 2883 1314 ut
3036 1264 3041 1267 ·

659 1349 857 1420 etiam
919 1347 1077 1418 illos
1127 1371 1397 1440 versus,
1470 1372 1637 1444 quos
1686 1347 2067 1418 Athenaeus
2118 1339 2184 1416 I.
2250 1369 2323 1441 p.
2379 1347 2498 1418 17.
2564 1343 2708 1415 sine
2761 1369 2886 1416 no-

658 1449 834 1521 mine
884 1448 1146 1520 fabulae
1197 1449 1525 1539 servavit,
1582 1447 1666 1519 ad
1716 1447 2007 1543 Argivos
2059 1446 2376 1519 referrete
2429 1452 2533 1518 est
2582 1445 2651 1516 id
2704 1446 2883 1518 eius-

657 1550 876 1641 modi,
948 1558 1023 1621 ut
1070 1551 1285 1647 possit
1336 1574 1559 1622 verum
1613 1573 1801 1641 esse,
1873 1548 1935 1621 si
1983 1548 2207 1619 fabula
2256 1547 2383 1619 fuit
2431 1546 2758 1642 satyrica3
2822 1547 2883 1619 si

657 1676 790 1724 non
843 1650 992 1743 fuit,
1043 1675 1181 1744 non
1226 1652 1466 1748 possit.
1568 1648 1921 1724 Sumamus
1970 1674 2146 1722 nunc
2193 1648 2601 1744 tragoediam
2651 1647 2880 1741 fuisse,

658 1761 734 1826 ut
784 1751 1156 1825 Welckero
1221 1754 1498 1851 placuit.
1614 1751 1796 1823 Tum
1862 1776 2019 1824 vero
2084 1776 2216 1823 non
2283 1749 2611 1822 videbitur
2671 1750 2884 1846 prima

658 1854 978 1950 trilogiae
1019 1853 1251 1947 fuisse,
1302 1861 1659 1951 propterea
1709 1852 1882 1950 quod
1916 1854 2000 1928 ἐν
2033 1847 2387 1954 Ἀργείοις
2419 1848 2715 1948 Capanei
2749 1851 2884 1923 ful-

657 1955 832 2028 mine
900 1956 1204 2053 percussi
1266 1956 1665 2028 mentionem
1716 1954 1969 2027 ⁴factam
2036 1955 2435 2050 accepimus.
2552 1952 2703 2044 Quo
2756 1953 2883 2026 etsi
2940 2007 2945 2010 -

656 2056 943 2129 fortasse
1005 2057 1204 2128 etiam
1257 2052 1711 2152 ἆπόσκημμα
1723 2109 1751 2144 ,
1830 2054 2005 2152 quod
2052 2054 2427 2150 Hesychius
2479 2052 2884 2152 ἀπέρεισμα

654 2156 1154 2255 interpretatur,
1179 2159 1443 2234 -referri
1492 2166 1755 2255 potest,
1820 2166 2038 2229 tamen
2090 2177 2301 2253 neque
2352 2157 2517 2230 haec
2571 2180 2702 2228 vox
2750 2180 2885 2229 nou

657 2259 855 2331 etiam
908 2259 1041 2332 alio
1095 2259 1471 2356 significatu
1536 2258 1671 2332 dici
1734 2259 1990 2356 potuit,
2060 2267 2133 2330 et
2195 2257 2362 2329 illud
2412 2259 2496 2331 ἐν
2530 2254 2885 2359 Ἀργείοις

654 2360 752 2433 ita
803 2368 1245 2458 comparatum
1299 2371 1427 2454 est,
1480 2370 1555 2433 ut
1603 2361 1819 2458 possit
1862 2361 2077 2457 ipsius
2124 2369 2365 2456 poetae
2417 2358 2633 2431 verbis
2673 2358 2884 2431 adnu-

655 2463 935 2534 merari:
1001 2488 1133 2559 quo
1183 2463 1427 2561 peribit
1476 2487 1711 2535 nomen
1765 2462 2051 2552 fabulae,
2104 2461 2664 2558 fragmentumque
2715 2460 2883 2535 illud

655 2563 774 2635 alii
823 2564 1238 2636 tribuendum
1289 2565 1418 2637 erit
1467 2563 1877 2659 tragoediae.
1976 2562 2088 2634 De
2123 2586 2205 2634 eo
2248 2563 2456 2660 igitur
2487 2562 2881 2658 fragmento,
3020 2641 3027 2648 ,

657 2665 813 2759 quia
858 2664 1041 2735 nullo
1091 2663 1287 2735 modo
1337 2671 1562 2759 potest
1612 2687 1698 2735 ex
1734 2666 1946 2762 prima
1976 2664 2287 2760 trilogiae
2326 2663 2669 2761 tragoedia
2702 2688 2885 2737 sum-

655 2771 842 2859 ptum
893 2785 1082 2855 esse,
1152 2763 1329 2835 infra
1378 2787 1731 2859 exponam.
1852 2763 2048 2836 Nunc
2110 2765 2276 2837 satis
2328 2765 2525 2837 habui
2574 2788 2655 2838 ea
2705 2773 2884 2839 attu-

654 2863 845 2957 lisse,
899 2888 986 2936 ex
1037 2864 1272 2960 quibus
1323 2865 1731 2962 appareret,
1773 2890 1906 2937 non
1956 2889 2112 2937 sane
2161 2866 2428 2939 invictis
2478 2868 2881 2964 argumentis

657 2974 774 3038 aut
819 2991 945 3064 pro
993 2966 1281 3061 satyrica
1328 2965 1551 3038 fabula
1601 2966 1936 3040 habendos
1996 2989 2151 3039 esse
2197 2968 2529 3066 Argivos,
2595 2976 2750 3061 aut,
2820 2968 2883 3042 si

655 3065 784 3141 fuit
832 3067 1217 3166 tragoedia,
1294 3068 1734 3165 posteriorem
1798 3067 2152 3164 putandam
2216 3094 2407 3166 qnam
2457 3068 2736 3167 Septem
2797 3069 2881 3144 ad

562 3170 961 3268 19Thebas.
1043 3168 1303 3242 Restat
1351 3178 1428 3243 nt
1475 3169 1806 3262 adiiciam,
1861 3171 2002 3243 sive
2052 3165 2338 3267 satyrica
2385 3171 2514 3243 fuit
2563 3172 2705 3244 sive
2741 3182 2882 3246 tra-
2962 3225 2969 3230 -

656 3271 935 3370 gatlia,
987 3295 1073 3344 ne
1124 3272 1205 3343 de
1253 3271 1517 3344 nomine
1570 3267 1830 3368 quidem
1881 3273 2046 3345 satis
2097 3281 2427 3348 constare.
2527 3271 2613 3345 In
2660 3273 2880 3347 indice

652 3373 1017 3445 fabularum
1069 3382 1303 3446 vocata
1354 3381 1459 3445 est
1492 3372 1845 3473 Ἀργεῖοι,
1911 3397 2187 3470 quocum
2241 3375 2533 3447 concinit
2577 3375 2748 3447 illud
2797 3374 2877 3449 de

654 3499 786 3571 quo
852 3473 1047 3547 modo
1115 3474 1410 3547 dicebam
1479 3476 1561 3550 ἐν
1597 3472 1987 3576 Ἀργείοις,
2059 3477 2119 3547 si
2168 3476 2238 3548 id
2289 3476 2740 3572 grammatici,
2811 3484 2879 3550 et
2982 3538 2988 3544 .

653 3600 786 3648 nou
828 3576 1145 3671 Aeschyli
1190 3584 1317 3647 est.
1421 3573 1735 3649 Concinit
1784 3578 2006 3668 etiam,
2057 3577 2218 3651 licet
2267 3585 2675 3674 corruptum,
2711 3578 2891 3674 Ἀρ-·

652 3674 939 3779 γυρίοις
984 3676 1305 3774 Hesychii
1365 3678 1435 3750 in
1499 3675 1858 3773 ἐμμέλεια.
1973 3677 2220 3751 Editur
2266 3676 2619 3779 Ἀργείοις
2681 3681 2878 3752 etiam

655 3778 850 3875 apud,
877 3778 1473 3876 Harpocrationem
1522 3781 1592 3851 in
1637 3777 1947 3875 χλῆδος,
2000 3780 2139 3851 8θὼ
2169 3790 2438 3854 auctore
2487 3765 2899 3874 Maussaco,'

657 3879 829 3977 quod
885 3890 1115 3952 contra
1166 3905 1330 3978 quos
1381 3892 1519 3953 tres
1571 3882 1837 3954 codices
1887 3881 2168 3955 contulit
2216 3882 2595 3976 Bekkerus,
2650 3907 2875 3957 eorum

657 3982 788 4053 duo
824 3978 1223 4081 Ἀργείαις,
1273 3982 1509 4054 tertius
1562 4006 1710 4061 cum
1759 3983 2006 4054 Aldina
2039 3980 2365 4084 Ἀργίαις
2413 3984 2690 4057 habent:
2757 3984 2876 4056 de-

635 4082 1096 4260 'ffl'ssimtp'z‘l
1141 4083 1703 4259 ἕξῗέἑὲῗῗῑῗ
1733 4079 2221 4260 εῗπόσκημμα
2282 4086 2502 4162 ‘'⁰⁶⁶'‘
2551 4083 2874 4189 '‘W‘’

854 4284 1102 4359 Venio·
1145 4285 1229 4357 ad
1281 4287 1541 4361 tertiam
1589 4212 2023 4386 tanguam.
2122 4286 2230 4362 Ac
2275 4289 2695 4362 memorabile
2743 4294 2870 4380 est,
3160 4357 3161 4378 ἢ

543 4417 556 4424 ”
655 4388 826 4485 quod
878 4388 962 4460 in·
999 4384 1276 4485 Septem
1326 4388 1410 4461 ad
1460 4387 1736 4462 Thebas
1784 4400 2052 4488 praeter
2110 4389 2350 4463 fratres
2413 4400 2634 4463 mutua
2682 4413 2871 4463 manu
