3192 4992
601 283 735 384 ξω
1242 229 1345 346 1)Ῑέ
1386 282 1768 346 APOLLINE
1810 283 1912 344 m·
1953 279 2213 348 DIANA.

610 455 759 527 dem
807 451 1093 528 Dianam
1143 449 1443 526 λυκείαν
1494 449 1869 524 Greuzerus
1932 450 2004 523 in
2054 447 2358 545 Symbol.
2424 449 2562 522 vol.
2614 447 2720 521 Π.
2767 473 2840 547 p.

529 547 534 572 ¹
615 560 787 632 132.
841 552 959 626 sed
1013 552 1187 650 quod
1238 554 1309 625 in
1358 551 1603 625 Melet.
1668 551 1838 624 fasc.
1888 549 1954 623 I.
2019 575 2091 649 p.
2146 554 2272 626 30.
2345 575 2481 669 quo
2526 550 2843 624 lectorem

613 658 902 753 ablegat,
955 655 1203 746 attulit,
1253 654 1422 741 nihil
1475 662 1578 726 est
1629 654 1759 725 nisi
1790 653 2161 728 Pausaniae
2213 653 2528 725 memoria
2575 650 2679 724 II.
2716 656 2841 743 31,

611 762 688 833 4.
741 759 853 854 qui
905 754 1260 829 Troezene
1311 756 1626 853 templum
1675 755 1936 827 Dianae
1987 755 2191 846 vidit,
2246 778 2478 850 quam,
2545 754 2604 825 si
2652 755 2843 826 libris

613 860 780 931 fides
833 867 961 950 est,
1015 866 1083 929 et
1134 854 1450 931 λυκαίαν
1500 866 1568 929 et
1617 853 1916 931 λυκείαν
1959 865 2175 928 vocat.
2277 855 2488 927 Addit
2522 879 2716 928 veroa
2770 858 2847 938 ἐς

613 957 697 1042 δὲ
762 958 899 1054 τὴν
965 956 1341 1054 ἐπίκλησιν
1404 956 1627 1032 οὐδὲν
1707 956 1906 1053 εἶχον
1970 956 2360 1032 πυθέσθαι
2424 954 2627 1051 παρὰ
2686 964 2846 1031 τῶν

614 1066 1023 1189 ἐξηγητῶν,
1091 1058 1278 1134 ἀλλὰ
1340 1057 1390 1155 ἢ
1442 1056 1711 1140 λύκους
1759 1054 2101 1156 ἐφαίνετό
2166 1084 2296 1154 μοι
2342 1055 2487 1152 τὴν
2545 1056 2845 1153 Τροιζη-

516 1253 519 1254 ⁷
614 1161 790 1240 νίαν
843 1160 1430 1289 λυμαινομένους
1479 1164 1741 1245 ἐξελεῖν
1793 1159 1833 1233 5
1874 1157 2317 1248 Ἱππόλυτος,
2366 1157 2416 1255 ἢ
2468 1155 2845 1252 Ἀμαζόσι,

616 1264 791 1362 παρ’
851 1256 967 1337 ὧν
1013 1261 1108 1336 τὰ
1156 1261 1340 1354 πρὸς
1390 1257 1754 1359 μητρὸς
1712 1289 1848 1357 ην,
1914 1260 2278 1357 ἐπίκλησις
2340 1269 2473 1357 τῆς
2520 1260 2848 1357 Ἀρτέμι-

619 1365 754 1449 δός
817 1366 1017 1438 ἐστιν
1070 1363 1280 1460 αὕτη.
1383 1367 1491 1461 εἴη
1556 1362 1634 1437 δ’
1694 1392 1792 1439 αν
1857 1364 1963 1437 ἔτι
2024 1362 2151 1438 καὶ
2202 1364 2379 1436 ἄλλο
2433 1391 2524 1437 ου
2573 1389 2849 1462 γιγνω-

623 1463 986 1561 σκόμενον
1034 1464 1183 1540 ὑπὸ
1233 1469 1439 1560 ἐμου.
1540 1465 1865 1564 Apertum
1917 1475 2057 1556 est,
2124 1466 2527 1583 singularem
2578 1465 2642 1535 ei
2691 1489 2852 1561 pro-

623 1570 959 1667 priamque
1014 1567 1414 1640 Troezeniis
1482 1591 1626 1639 eam
1679 1568 2188 1665 appellationem
2260 1568 2463 1638 visam
2527 1589 2716 1655 esse,
2779 1573 2853 1635 ut

584 1671 790 1743 mihil
843 1668 1190 1766 quidquam
1245 1694 1391 1748 cum
1419 1668 1757 1765 Apollinis
1797 1669 1936 1741 illis
1980 1669 2476 1764 cognominibus
2515 1690 2852 1740 commune

622 1773 889 1846 habeat.
992 1770 1194 1842 Credi
1247 1778 1462 1842 autem
1494 1770 1690 1842 facile
1725 1777 1971 1867 potest,
2026 1771 2108 1842 ob
2139 1770 2474 1867 dispulsos
2502 1767 2852 1866 aliquando

623 1875 820 1970 lupos
873 1871 1060 1943 deam
1119 1872 1217 1943 ita
1267 1896 1414 1943 esse
1468 1873 1845 1944 vocitatam.

830 1971 972 2046 Sed
1024 1996 1106 2044 ne
1159 1974 1306 2069 quis
1356 1973 1548 2044 nobis
1583 1971 1919 2068 Lycaeum
1953 1970 2184 2044 Iovem
2235 1978 2552 2069 opponat,
2607 1970 2720 2086 qui
2769 1969 2857 2041 sit

629 2075 710 2147 ab
761 2074 912 2146 luce
943 2074 1185 2166 dictus,
1239 2075 1468 2172 paucis
1501 2075 1678 2154 hunc
1711 2098 1970 2170 quoqne
1998 2075 2222 2171 placet
2255 2074 2612 2169 attingere.
2657 2070 2853 2145 Sane

579 2172 964 2249 &ferebatur
1011 2177 1080 2247 in
1133 2176 1462 2250 Arcadiae
1513 2183 1734 2248 monte
1785 2175 2056 2271 Lycaeo
2106 2176 2299 2246 lucus
2352 2199 2500 2247 esse
2545 2171 2699 2246 Iovi
2746 2196 2856 2244 sa·-

629 2302 781 2371 cer,
833 2282 904 2348 in
957 2302 1145 2373 quem
1172 2259 1513 2374 quidquid
1564 2278 1881 2369 intraret,
1935 2300 2162 2349 carere
2212 2277 2443 2346 umbra
2488 2283 2856 2371 putaretur.

627 2381 738 2453 De
791 2404 871 2452 eo
922 2377 1296 2451 Pausanias’
1344 2377 1559 2450 VIII.
1613 2381 1754 2471 38,
1824 2380 1903 2455 6.
1968 2375 2095 2452 καὶ
2155 2371 2336 2451 τάδε
2401 2377 2506 2449 ἔτι
2524 2374 2858 2503 ἐλέγετο,

572 2571 581 2588 x
629 2478 728 2554 τὰ
793 2478 1000 2562 ἐντὸς
1059 2487 1195 2554 τοῦ
1256 2478 1610 2573 τεμένους
1665 2476 2037 2607 γενόμενα
2105 2475 2376 2572 ὁμοίως
2438 2472 2688 2552 παντα
2736 2474 2861 2549 καὶ

633 2579 872 2676 θηρία
921 2578 1048 2654 καὶ
1100 2577 1558 2675 ἀνθρώπους
1608 2608 1700 2653 ου
1748 2579 2205 2676 παρέχεσθαι
2256 2574 2508 2654 σκιάν·
2576 2576 2705 2651 καὶ
2734 2575 2861 2651 διὰ

580 2673 584 2688 Γ
633 2690 858 2755 τοῦτο
909 2683 983 2762 ἐς
1030 2679 1118 2752 τὸ
1165 2679 1463 2773 τέμενος
1511 2678 1790 2775 θηρίου
1838 2678 2446 2808 καταφυγόντος
2449 2679 2588 2753 οὐκ
2630 2680 2863 2753 ἐθέλει

638 2782 710 2854 οἱ
775 2777 1282 2862 συνεςπίπτειν
1345 2779 1387 2853 5
1453 2781 1888 2881 κυνηγέτης,
1955 2782 2141 2855 ἀλλὰ
2204 2780 2601 2875 ὑπομένων
2663 2779 2863 2862 ἐκτὸς

638 2880 766 2957 καὶ
816 2879 1018 2975 ὁρῶν
1055 2880 1141 2954 τὸ
1175 2878 1451 2979 θηρίον
1484 2880 1921 2979 οὐδεμίἀν
1881 2884 2009 2957 απ’
2053 2883 2289 2958 αὑτοῦ
2319 2885 2593 2956 θεᾶται
2622 2878 2859 2956 σκιάν·

634 3009 919 3078 χρονον
966 2978 1108 3077 μὲν
1158 2981 1253 3079 δὴ
1301 2982 1436 3058 τὸν
1484 2988 1655 3058 ι’σον
1702 2983 1930 3058 ἔπεισί
1977 3014 2054 3058 τε
2106 2984 2146 3059 5
2192 2984 2392 3081 ἥλιος
2440 2982 2580 3058 τὸν
2623 2986 2710 3058 ἐν
2756 2990 2860 3078 τῷ

640 3087 949 3181 ὀὐρανῳ
1009 3085 1364 3177 καρκίνον
1426 3085 1553 3160 καὶ
1618 3088 1700 3161 57
1764 3083 2029 3182 Συήνῃ
2094 3095 2184 3182 τῇ
2251 3085 2394 3184 πρὸ
2457 3083 2864 3166 Αἰθιοπίας

643 3187 812 3261 οὔτε
864 3184 1010 3259 ἀπὸ
1060 3184 1400 3284 δένδρων
1444 3189 1612 3262 οὔτε
1648 3186 1794 3261 ἀπὸ
1826 3196 1984 3262 τῶν
2019 3185 2234 3286 ζῳων
2258 3186 2613 3316 γενέσθαι
2648 3182 2865 3260 σκιάν

536 3291 541 3294 ’
643 3291 831 3364 ἐστι·
897 3287 984 3363 τὸ
1049 3286 1123 3362 δ’
1183 3290 1267 3363 57
1313 3296 1423 3385 τῷ
1472 3287 1792 3386 Λυκαίῳ
1852 3288 2150 3383 τέμενος
2210 3287 2297 3362 τὸ
2362 3287 2546 3363 αὐτὸ
2611 3290 2684 3371 ἐς
2733 3315 2867 3369 τας

648 3387 857 3472 σκιὰς
907 3386 1022 3462 ἀεί
1069 3416 1147 3463 τε
1195 3388 1321 3463 καὶ
1370 3389 1488 3463 ἐπὶ
1537 3398 1803 3465 πασῶν
1851 3390 2179 3484 πέπονθε
2204 3397 2361 3464 τῶν
2394 3388 2636 3487 ὡρῶν.
2717 3388 2867 3462 Va·-

646 3515 797 3562 nam
848 3492 1045 3562 istam
1108 3516 1246 3562 rem
1297 3516 1444 3564 esse
1497 3517 1693 3588 quum
1743 3517 1865 3590 per
1914 3517 1987 3565 se
2036 3502 2260 3620 patet,
2332 3500 2468 3564 tum
2517 3491 2869 3564 affirmavit

649 3593 755 3662 his
807 3592 1023 3692 verbis
1071 3591 1406 3688 Polybius
1439 3591 1657 3668 XVI.
1712 3597 1834 3685 10,
1888 3599 1962 3669 7.
2012 3591 2099 3667 τὸ
2147 3591 2296 3723 γὰρ
2346 3588 2662 3690 φασκειν
2709 3591 2866 3667 ἔνια

652 3699 810 3764 τῶν
875 3689 1247 3789 σωματων
1323 3696 1404 3768 57
1470 3692 1669 3791 φωτὶ
1731 3694 2090 3791 τιθέμενα
2152 3694 2256 3792 μὴ
2325 3698 2561 3767 ποιεῖν
2623 3689 2862 3779 σκιάν,
2920 3764 2932 3769 -

653 3791 1150 3922 ἂπηλγηκυίας
1197 3792 1352 3880 ἐστὶ
1400 3803 1677 3892 ψυχῆς·
1753 3826 1793 3869 ο
1856 3795 2194 3893 πεποίηκε
2249 3792 2675 3891 Θεόπομπος
2722 3790 2867 3892 φή-

656 3916 794 3975 σας
838 3894 1012 3978 τοὺς
1060 3900 1162 3978 εἰς
1206 3895 1293 3970 τὸ
1342 3905 1478 3971 τοῦ
1528 3896 1706 3981 Διὸς
1740 3898 2029 3998 ἄβατον
2071 3895 2451 3995 ἐμβάντας
2486 3898 2653 3971 κατ’
2701 3897 2869 3993 Ἅρ-

656 3992 932 4070 καὸίαν
980 3995 1281 4080 ἀσκίους
1324 3996 1745 4099 γίγνεσθαι.
1845 3999 2020 4073 Item
2052 4000 2448 4073 Plutarchus
2500 4000 2588 4092 Q.
2619 3997 2870 4073 Graec.

662 4098 788 4172 39.
850 4121 924 4196 p.
944 4091 1151 4173 300.
1203 4097 1287 4171 G.
1352 4102 1549 4174 simul
1613 4126 1879 4175 caussas
1945 4103 2140 4174 huius
2204 4103 2553 4175 commenti
2613 4100 2873 4227 aperire
2935 4091 2944 4100 ’

656 4197 969 4272 studens.
1031 4197 1119 4272 τὸ
1167 4198 1419 4294 μέντοι
1470 4200 1690 4277 σκιὰν
1735 4201 1841 4301 μὴ
1888 4202 2180 4278 πίπτειν
2220 4191 2374 4277 ἀπὸ
2422 4209 2558 4276 τοῦ
2587 4196 2873 4299 ἐμβαιν-

656 4327 786 4389 ‘tec
833 4305 936 4386 εἰς
978 4297 1066 4374 τὸ
1115 4297 1453 4380 Λύκαιον
1501 4303 1780 4406 λέγεται
1838 4302 1983 4402 μὲν
2032 4304 2169 4380 οὑκ
2218 4304 2557 4401 ἀληθῶς,
2620 4306 2873 4400 ἔσχηκε
