3192 4992
649 370 780 439 ἔξω
1234 383 1243 392 “
1284 372 1385 434 DE
1426 371 1807 434 APOLLINE
1847 374 1950 434 ΕΤ
1989 373 2247 435 DIANA.

629 540 838 613 ‘rifice
887 539 1059 612 hanc
1107 540 1550 613 coniecturam
1613 538 1764 636 ipsa
1811 537 2017 611 totius
2078 539 2341 611 fabulae
2402 539 2575 613 ratio
2627 540 2875 615 confir·

528 725 545 740 κ
650 649 811 714 mat.
910 639 1202 713 Venisse
1254 641 1496 713 dicitur
1521 640 1792 713 Latona
1838 663 1930 713 ex
1952 640 2429 738 Hyperboreis,
2481 642 2681 738 lupae
2719 668 2873 740 spe·

651 744 755 816 cie
808 751 1179 860 assumpta,
1250 751 1325 815 ut
1372 744 1615 815 lateret
1662 739 2011 814 Iunonem.
2108 739 2349 839 Lupos
2400 767 2628 816 omnes
2676 769 2873 840 quum

652 843 998 917 crederent
1044 844 1219 916 intra
1270 843 1612 916 duodecim
1665 843 1808 916 dies
1860 867 2030 915 anno
2080 867 2356 941 parere,
2412 844 2555 915 eius
2607 846 2876 943 opinio-

649 946 756 1018 nis
809 969 1107 1019 caussam
1128 925 1555 1019 Aristoteles
1619 945 1689 1016 in
1747 939 2047 1018 Historia
2109 946 2484 1018 animalium
2535 944 2671 1018 VI.
2743 949 2874 1024 36.

650 1047 757 1119 his
809 1046 1032 1119 verbis
1083 1047 1435 1120 memoriae
1483 1043 1816 1144 prodidit·
1881 1042 2153 1122 τούτου
2195 1044 2288 1121 δὲ
2327 1045 2467 1143 τὴν
2509 1044 2819 1122 αἰτίαν’
2787 1075 2873 1122 εν

650 1143 886 1246 μύθῳ
935 1146 1272 1248 λέγουσιν
1284 1199 1310 1236 ,
1376 1146 1490 1221 ὅτι
1537 1150 1621 1222 ἐν
1667 1143 2064 1231 τοσαύταις
2106 1146 2412 1277 ἡμέραις
2455 1146 2597 1244 τὴν
2643 1147 2871 1245 Λητώ
2963 1175 2984 1184 ·

537 1268 541 1271 ’
648 1220 1158 1347 παρεκόμισαν
1204 1252 1284 1334 ἐξ
1319 1247 1821 1346 Υπερβορέων
1852 1254 1954 1332 εἰς
1981 1255 2253 1347 Δῆλον,
2301 1246 2666 1326 λύκαιναν
2698 1277 2871 1348 φαι-

649 1349 979 1446 νομένην
1027 1349 1157 1425 διὰ
1204 1349 1342 1427 τὸν
1386 1358 1518 1448 τῆς
1542 1350 1788 1449 Ἠρας
1831 1347 2127 1449 φόβονε
2176 1376 2361 1450 quae
2411 1352 2567 1425 hinc
2614 1352 2871 1425 rettulit

648 1452 850 1524 etiam
897 1453 1274 1551 Antigonus
1341 1451 1686 1549 Carystius
1749 1478 1810 1527 c.
1864 1456 1991 1530 61.
2105 1452 2251 1525 Alii
2315 1452 2549 1549 perdiu
2612 1477 2869 1526 errasse

647 1573 795 1727 :5:3¹
842 1563 1292 1729 ῗὲῃὶἰῗζὛι
1306 1556 2045 1754 ῗίῗέἷέἷίἘι-’ζᾚὲ
2091 1556 2362 1776 ¹3:³33}
2383 1554 2872 1753 ''m‘’tfssf

604 1843 607 1846 .
649 1765 945 1853 gestaret
1009 1766 1240 1855 posset
1302 1759 1371 1829 in
1421 1759 1637 1831 lucem
1689 1756 1926 1851 edere,
1998 1759 2210 1832 donec
2273 1760 2337 1831 ei
2386 1758 2604 1831 Delus
2654 1759 2869 1832 insula

649 1858 1022 1961 perfugium
1086 1861 1514 1931 concesserit.
1644 1857 2002 1957 Ipsumque
2066 1861 2249 1933 illius
2312 1860 2568 1933 insulae
2635 1884 2870 1934 nomeu

648 1956 783 2029 tam
847 1960 1149 2056 apposite
1216 1962 1521 2033 convenit
1583 1961 1957 2056 ignotorum
2011 1961 2200 2059 prius
2250 1962 2519 2034 deorum
2566 1960 2871 2034 introdu-

551 2055 881 2151 motioni,
934 2068 1008 2132 ut
1057 2086 1189 2133 non
1239 2071 1484 2135 temere
1536 2063 1862 2135 delectum
1894 2063 2217 2155 videatur,
2268 2064 2593 2160 fidemque
2639 2063 2867 2153 faciat,

612 2148 1024 2258 impositum
1052 2163 1387 2256 Asteriae,
1423 2188 1588 2261 quae
1624 2165 1955 2261 antiquior
1986 2166 2244 2237 insulae
2276 2167 2635 2262 appellatio
2664 2164 2868 2236 fuisse

642 2263 1018 2438 ’ἷῖιῖιάᾟῖἱῇ
1025 2264 1496 2441 53:32¹&
1525 2290 2180 2442 Εἶθ’..ἒῗέῗωῖἕὲ
2184 2268 2646 2465 ῗζῗζὶξὲ
2626 2293 2653 2337 ¹
2664 2260 2871 2486 ρ’ζῖζῗ

645 2467 815 2538 risse
865 2468 1029 2540 Deli
1076 2471 1456 2588 Apollinem
1506 2468 1779 2543 Latona
1825 2470 2107 2561 dieitur,
2157 2471 2371 2566 primo
2423 2494 2570 2542 eum
2621 2469 2752 2541 ista
2800 2469 2871 2541 iu

644 2568 864 2740 insula
912 2572 1158 2643 cultum
1208 2572 1650 2643 existimaret.
1745 2571 1918 2643 Nam
1968 2572 2167 2644 etiam
2200 2572 2492 2668 Tegyris
2541 2573 2620 2643 in
2644 2572 2871 2643 Boeo·-

644 2677 861 2740 naet
903 2671 1197 2750 Zostere
1247 2673 1317 2742 in
1357 2670 1585 2743 Attica
1634 2680 1854 2743 natum
1908 2673 2172 2768 quidam
2219 2674 2654 2764 tradiderunt,
2707 2671 2870 2745 Ste-

514 2820 533 2834 .
644 2769 863 2864 phano
913 2770 1239 2864 Byzantio
1290 2780 1462 2843 teste
1513 2795 1579 2844 v..
1617 2769 1944 2872 Ts'yvoa:
2011 2800 2169 2869 quo,
2220 2783 2295 2847 nt
2344 2776 2508 2846 alibi
2556 2775 2865 2865 diximus,

643 2870 815 2940 nihil
872 2871 1003 2942 nisi
1068 2872 1213 2943 eius
1277 2896 1614 2945 sacrorum
1677 2874 2083 2948 introductio
2132 2877 2570 2972 significatur.
2692 2876 2866 2967 Quin

645 2970 940 3067 Tegyris
993 2996 1250 3069 quoque
1299 2975 1553 3046 vicinus
1603 3000 1791 3047 mons
1839 2976 2001 3048 Deli
2052 3003 2288 3051 nomen
2338 2979 2608 3068 habuit,
2656 2989 2732 3049 ut
2779 3001 2865 3049 ex

643 3071 991 3147 Plutarchi
1040 3074 1369 3170 Pelopida
1419 3099 1482 3148 c.
1523 3079 1646 3153 16.
1699 3080 2034 3173 cognitum
2086 3077 2421 3152 habemus.
2524 3078 2665 3152 Sed
2698 3080 2864 3151 hanc

645 3177 1119 3271 quaestionem,
1173 3200 1341 3272 quae
1379 3185 1495 3249 -est
1545 3178 1632 3249 de
1680 3179 2147 3253 introductis
2127 3208 2197 3253 ιιι
2247 3181 2604 3255 Graeciam
2653 3181 2863 3255 sacris

642 3278 1018 3373 Apollinis,
1090 3280 1160 3349 in
1223 3279 1434 3351 altera
1498 3288 1688 3377 parte
1751 3281 1946 3355 huius
1998 3285 2566 3366 commentationis
2618 3291 2865 3357 stacta*

639 3379 884 3453 bimus.
