<?xml version="1.0" encoding="UTF-8"?>
<!DOCTYPE html PUBLIC "-//W3C//DTD XHTML 1.0 Transitional//EN"
    "http://www.w3.org/TR/xhtml1/DTD/xhtml1-transitional.dtd">
<html xmlns="http://www.w3.org/1999/xhtml" xml:lang="en" lang="en">
 <head>
  <title>
</title>
<meta http-equiv="Content-Type" content="text/html;charset=utf-8" />
  <meta name='ocr-system' content='tesseract 3.04.00' />
  <meta name='ocr-capabilities' content='ocr_page ocr_carea ocr_par ocr_line ocrx_word'/>
</head>
<body>
  <div class='ocr_page' id='page_1' title='image "./godofrediherman00fritgoog_0368.png"; bbox 0 0 3192 4992; ppageno 0'>
   <div class='ocr_carea' id='block_1_1' title="bbox 607 355 2286 432">
    <p class='ocr_par' dir='ltr' id='par_1_1' title="bbox 607 355 2286 432">
     <span class='ocr_line' id='line_1_1' title="bbox 607 355 2286 432; baseline -0.004 -8"><span class='ocrx_word' id='word_1_1' title='bbox 607 362 739 432; x_wconf 69' lang='lat'><strong>850</strong></span> <span class='ocrx_word' id='word_1_2' title='bbox 1155 357 1260 422; x_wconf 70' lang='lat' dir='ltr'><strong>DE</strong></span> <span class='ocrx_word' id='word_1_3' title='bbox 1299 355 1675 419; x_wconf 63' lang='lat' dir='ltr'><strong>menni</strong></span> <span class='ocrx_word' id='word_1_4' title='bbox 1711 355 2286 419; x_wconf 71' lang='lat' dir='ltr'><strong>Pstcnosmsm.</strong></span> 
     </span>
    </p>
   </div>
   <div class='ocr_carea' id='block_1_2' title="bbox 482 523 2845 1032">
    <p class='ocr_par' dir='ltr' id='par_1_2' title="bbox 482 523 2845 1032">
     <span class='ocr_line' id='line_1_2' title="bbox 482 523 2843 629; baseline -0.004 -23"><span class='ocrx_word' id='word_1_5' title='bbox 482 608 491 619; x_wconf 36' lang='lat' dir='ltr'><strong><em>s</em></strong></span> <span class='ocrx_word' id='word_1_6' title='bbox 608 531 842 629; x_wconf 82' lang='lat' dir='ltr'><strong>Neque</strong></span> <span class='ocrx_word' id='word_1_7' title='bbox 891 553 1021 626; x_wconf 82' lang='lat' dir='ltr'><strong>ego</strong></span> <span class='ocrx_word' id='word_1_8' title='bbox 1072 527 1216 600; x_wconf 90' lang='lat' dir='ltr'><strong>eius</strong></span> <span class='ocrx_word' id='word_1_9' title='bbox 1265 525 1663 598; x_wconf 85' lang='lat' dir='ltr'><strong>mentionem</strong></span> <span class='ocrx_word' id='word_1_10' title='bbox 1714 524 2027 617; x_wconf 82' lang='lat' dir='ltr'><strong>facerem,</strong></span> <span class='ocrx_word' id='word_1_11' title='bbox 2078 523 2217 597; x_wconf 88' lang='lat' dir='ltr'><strong>nisi</strong></span> <span class='ocrx_word' id='word_1_12' title='bbox 2268 546 2548 611; x_wconf 52' lang='lat' dir='ltr'><strong>vererer,</strong></span> <span class='ocrx_word' id='word_1_13' title='bbox 2575 548 2661 596; x_wconf 85' lang='lat' dir='ltr'><strong>ne</strong></span> <span class='ocrx_word' id='word_1_14' title='bbox 2696 523 2843 620; x_wconf 83' lang='lat' dir='ltr'><strong>quis</strong></span> 
     </span>
     <span class='ocr_line' id='line_1_3' title="bbox 610 623 2845 723; baseline -0.005 -16"><span class='ocrx_word' id='word_1_15' title='bbox 610 631 1002 707; x_wconf 79' lang='lat' dir='ltr'><strong>auctoritate</strong></span> <span class='ocrx_word' id='word_1_16' title='bbox 1055 628 1223 702; x_wconf 85' lang='lat' dir='ltr'><strong>tanti</strong></span> <span class='ocrx_word' id='word_1_17' title='bbox 1273 629 1401 699; x_wconf 84' lang='lat' dir='ltr'><strong>viri</strong></span> <span class='ocrx_word' id='word_1_18' title='bbox 1450 627 1702 723; x_wconf 84' lang='lat' dir='ltr'><strong>imponi</strong></span> <span class='ocrx_word' id='word_1_19' title='bbox 1745 627 1869 697; x_wconf 86' lang='lat' dir='ltr'><strong>sibi</strong></span> <span class='ocrx_word' id='word_1_20' title='bbox 1902 634 2266 723; x_wconf 79' lang='lat' dir='ltr'><strong>pateretur.</strong></span> <span class='ocrx_word' id='word_1_21' title='bbox 2350 623 2648 722; x_wconf 64' lang='lat' dir='ltr'><strong>Scripsit</strong></span> <span class='ocrx_word' id='word_1_22' title='bbox 2675 625 2845 697; x_wconf 81' lang='lat' dir='ltr'><strong>Phi-</strong></span> 
     </span>
     <span class='ocr_line' id='line_1_4' title="bbox 608 725 2845 825; baseline -0.008 -18"><span class='ocrx_word' id='word_1_23' title='bbox 608 736 927 808; x_wconf 85' lang='lat' dir='ltr'><strong>lostratus</strong></span> <span class='ocrx_word' id='word_1_24' title='bbox 991 731 1074 802; x_wconf 85' lang='lat' dir='ltr'><strong>de</strong></span> <span class='ocrx_word' id='word_1_25' title='bbox 1142 730 1275 802; x_wconf 79' lang='lat' dir='ltr'><strong>vita</strong></span> <span class='ocrx_word' id='word_1_26' title='bbox 1337 729 1686 825; x_wconf 86' lang='lat' dir='ltr'><strong>Apollonii</strong></span> <span class='ocrx_word' id='word_1_27' title='bbox 1736 725 1952 798; x_wconf 89' lang='lat' dir='ltr'><strong>VIII.</strong></span> <span class='ocrx_word' id='word_1_28' title='bbox 2004 732 2080 817; x_wconf 86' lang='lat'><strong>7,</strong></span> <span class='ocrx_word' id='word_1_29' title='bbox 2151 728 2271 802; x_wconf 80' lang='lat'><strong>16.</strong></span> <span class='ocrx_word' id='word_1_30' title='bbox 2336 749 2406 823; x_wconf 89' lang='lat' dir='ltr'><strong>p.</strong></span> <span class='ocrx_word' id='word_1_31' title='bbox 2461 730 2641 802; x_wconf 80' lang='grc'><strong>352.</strong></span> <span class='ocrx_word' id='word_1_32' title='bbox 2705 726 2845 800; x_wconf 68' lang='grc' dir='ltr'><strong>οὐχ</strong></span> 
     </span>
     <span class='ocr_line' id='line_1_5' title="bbox 608 823 2843 931; baseline -0.004 -23"><span class='ocrx_word' id='word_1_33' title='bbox 608 836 928 931; x_wconf 74' lang='grc' dir='ltr'><strong><em>ἄχθεται</em></strong></span> <span class='ocrx_word' id='word_1_34' title='bbox 978 828 1061 906; x_wconf 78' lang='grc' dir='ltr'><strong>δὲ</strong></span> <span class='ocrx_word' id='word_1_35' title='bbox 1113 828 1291 905; x_wconf 75' lang='grc' dir='ltr'><strong><em>οὐδὲ</em></strong></span> <span class='ocrx_word' id='word_1_36' title='bbox 1343 825 1384 903; x_wconf 82' lang='grc' dir='ltr'><strong><em>ὅ</em></strong></span> <span class='ocrx_word' id='word_1_37' title='bbox 1419 826 1612 912; x_wconf 79' lang='grc' dir='ltr'><strong><em>Ζεὺς</em></strong></span> <span class='ocrx_word' id='word_1_38' title='bbox 1660 823 1959 904; x_wconf 80' lang='grc' dir='ltr'><strong><em>ἀκούων</em></strong></span> <span class='ocrx_word' id='word_1_39' title='bbox 2006 827 2135 909; x_wconf 77' lang='grc' dir='ltr'><strong><em>καὶ</em></strong></span> <span class='ocrx_word' id='word_1_40' title='bbox 2169 834 2406 902; x_wconf 81' lang='grc' dir='ltr'><strong><em>ταῦτα</em></strong></span> <span class='ocrx_word' id='word_1_41' title='bbox 2437 835 2602 907; x_wconf 84' lang='grc' dir='ltr'><strong>τῶν</strong></span> <span class='ocrx_word' id='word_1_42' title='bbox 2634 854 2843 923; x_wconf 79' lang='grc' dir='ltr'><strong><em>ποιη-</em></strong></span> 
     </span>
     <span class='ocr_line' id='line_1_6' title="bbox 606 926 1779 1032; baseline -0.008 -22"><span class='ocrx_word' id='word_1_43' title='bbox 606 944 766 1011; x_wconf 82' lang='grc' dir='ltr'><strong>τῶν</strong></span> <span class='ocrx_word' id='word_1_44' title='bbox 814 938 898 1008; x_wconf 77' lang='grc' dir='ltr'><strong><em>ἐν</em></strong></span> <span class='ocrx_word' id='word_1_45' title='bbox 946 937 1102 1016; x_wconf 84' lang='grc' dir='ltr'><strong><em>τοῖς</em></strong></span> <span class='ocrx_word' id='word_1_46' title='bbox 1148 929 1464 1014; x_wconf 80' lang='grc' dir='ltr'><strong><em>Λυκίοις</em></strong></span> <span class='ocrx_word' id='word_1_47' title='bbox 1509 926 1779 1032; x_wconf 76' lang='grc' dir='ltr'><strong><em>λόγοις,</em></strong></span> 
     </span>
    </p>
   </div>
   <div class='ocr_carea' id='block_1_3' title="bbox 912 1074 2337 1185">
    <p class='ocr_par' dir='ltr' id='par_1_3' title="bbox 912 1074 2337 1185">
     <span class='ocr_line' id='line_1_7' title="bbox 912 1074 2337 1185; baseline -0.003 -26"><span class='ocrx_word' id='word_1_48' title='bbox 912 1084 977 1159; x_wconf 76' lang='grc' dir='ltr'><em>ὦ</em></span> <span class='ocrx_word' id='word_1_49' title='bbox 1026 1110 1155 1180; x_wconf 82' lang='grc' dir='ltr'><strong>μοι</strong></span> <span class='ocrx_word' id='word_1_50' title='bbox 1205 1077 1427 1185; x_wconf 75' lang='grc' dir='ltr'><strong><em>ἐγών,</em></strong></span> <span class='ocrx_word' id='word_1_51' title='bbox 1493 1080 1614 1156; x_wconf 78' lang='grc' dir='ltr'><strong><em>ὅτε</em></strong></span> <span class='ocrx_word' id='word_1_52' title='bbox 1661 1108 1794 1176; x_wconf 88' lang='grc' dir='ltr'><strong>μοι</strong></span> <span class='ocrx_word' id='word_1_53' title='bbox 1843 1074 2337 1179; x_wconf 74' lang='grc' dir='ltr'><strong><em>Σαρπηδόνα,</em></strong></span> 
     </span>
    </p>
   </div>
   <div class='ocr_carea' id='block_1_4' title="bbox 457 1225 2940 3664">
    <p class='ocr_par' dir='ltr' id='par_1_4' title="bbox 457 1225 2940 3664">
     <span class='ocr_line' id='line_1_8' title="bbox 610 1225 2848 1328; baseline -0.005 -15"><span class='ocrx_word' id='word_1_54' title='bbox 610 1237 740 1313; x_wconf 76' lang='grc' dir='ltr'><strong><em>καὶ</em></strong></span> <span class='ocrx_word' id='word_1_55' title='bbox 787 1235 1073 1312; x_wconf 75' lang='grc' dir='ltr'><strong><em>τοιαῦτ’</em></strong></span> <span class='ocrx_word' id='word_1_56' title='bbox 1133 1235 1207 1318; x_wconf 76' lang='grc' dir='ltr'><strong>ἐς</strong></span> <span class='ocrx_word' id='word_1_57' title='bbox 1256 1230 1491 1308; x_wconf 80' lang='grc' dir='ltr'><strong><em>αὐτὸν</em></strong></span> <span class='ocrx_word' id='word_1_58' title='bbox 1542 1228 1914 1328; x_wconf 79' lang='grc' dir='ltr'><strong><em>ᾀδόντων,</em></strong></span> <span class='ocrx_word' id='word_1_59' title='bbox 1963 1234 2047 1305; x_wconf 78' lang='grc' dir='ltr'><strong><em>ἐν</em></strong></span> <span class='ocrx_word' id='word_1_60' title='bbox 2096 1229 2209 1316; x_wconf 84' lang='grc' dir='ltr'><strong>οἷς</strong></span> <span class='ocrx_word' id='word_1_61' title='bbox 2256 1237 2395 1309; x_wconf 81' lang='grc' dir='ltr'><strong>τοῦ</strong></span> <span class='ocrx_word' id='word_1_62' title='bbox 2440 1229 2658 1312; x_wconf 77' lang='grc' dir='ltr'><strong><em>υἱέως</em></strong></span> <span class='ocrx_word' id='word_1_63' title='bbox 2705 1225 2848 1313; x_wconf 75' lang='grc' dir='ltr'><strong>ἐξί-</strong></span> 
     </span>
     <span class='ocr_line' id='line_1_9' title="bbox 614 1327 2847 1436; baseline -0.004 -22"><span class='ocrx_word' id='word_1_64' title='bbox 614 1337 949 1416; x_wconf 76' lang='grc' dir='ltr'><strong><em>στασθαί</em></strong></span> <span class='ocrx_word' id='word_1_65' title='bbox 998 1359 1179 1436; x_wconf 85' lang='grc' dir='ltr'><strong><em>φησι</em></strong></span> <span class='ocrx_word' id='word_1_66' title='bbox 1227 1340 1391 1418; x_wconf 85' lang='grc' dir='ltr'><strong><em>ταῖς</em></strong></span> <span class='ocrx_word' id='word_1_67' title='bbox 1439 1335 1772 1431; x_wconf 75' lang='grc' dir='ltr'><strong><em>μοίραις,</em></strong></span> <span class='ocrx_word' id='word_1_68' title='bbox 1845 1329 2214 1435; x_wconf 76' lang='grc' dir='ltr'><strong><em>λεγόντων</em></strong></span> <span class='ocrx_word' id='word_1_69' title='bbox 2282 1362 2359 1407; x_wconf 80' lang='grc' dir='ltr'><strong>τε</strong></span> <span class='ocrx_word' id='word_1_70' title='bbox 2412 1327 2513 1407; x_wconf 83' lang='grc' dir='ltr'><strong><em>αὖ</em></strong></span> <span class='ocrx_word' id='word_1_71' title='bbox 2561 1335 2647 1406; x_wconf 79' lang='grc' dir='ltr'><strong><em>ἐν</em></strong></span> <span class='ocrx_word' id='word_1_72' title='bbox 2694 1351 2847 1426; x_wconf 82' lang='grc' dir='ltr'><strong>ψυ-</strong></span> 
     </span>
     <span class='ocr_line' id='line_1_10' title="bbox 460 1428 2850 1538; baseline -0.005 -23"><span class='ocrx_word' id='word_1_73' title='bbox 460 1452 479 1461; x_wconf 81' lang='grc'><em>”</em></span> <span class='ocrx_word' id='word_1_74' title='bbox 607 1438 973 1538; x_wconf 79' lang='grc' dir='ltr'><strong><em>χοστασίᾳ</em></strong></span> <span class='ocrx_word' id='word_1_75' title='bbox 986 1494 1013 1527; x_wconf 91' lang='grc'><strong><em>,</em></strong></span> <span class='ocrx_word' id='word_1_76' title='bbox 1085 1436 1198 1512; x_wconf 76' lang='grc' dir='ltr'><strong>ὅτι</strong></span> <span class='ocrx_word' id='word_1_77' title='bbox 1250 1435 1523 1519; x_wconf 83' lang='grc' dir='ltr'><strong><em>Μίνως</em></strong></span> <span class='ocrx_word' id='word_1_78' title='bbox 1582 1434 1722 1509; x_wconf 84' lang='grc' dir='ltr'><strong>τὸν</strong></span> <span class='ocrx_word' id='word_1_79' title='bbox 1781 1432 2116 1533; x_wconf 80' lang='grc' dir='ltr'><strong><em>ἀδελφὸν</em></strong></span> <span class='ocrx_word' id='word_1_80' title='bbox 2161 1441 2301 1510; x_wconf 81' lang='grc' dir='ltr'><strong>τοῦ</strong></span> <span class='ocrx_word' id='word_1_81' title='bbox 2352 1428 2850 1529; x_wconf 78' lang='grc' dir='ltr'><strong><em>Σαρπηδόνος</em></strong></span> 
     </span>
     <span class='ocr_line' id='line_1_11' title="bbox 616 1529 2852 1639; baseline -0.004 -23"><span class='ocrx_word' id='word_1_82' title='bbox 616 1538 1111 1616; x_wconf 73' lang='grc' dir='ltr'><strong><em>ἀποθανόντα</em></strong></span> <span class='ocrx_word' id='word_1_83' title='bbox 1166 1536 1462 1639; x_wconf 66' lang='grc' dir='ltr'><strong><em>χρυσέῳ</em></strong></span> <span class='ocrx_word' id='word_1_84' title='bbox 1527 1534 1670 1629; x_wconf 72' lang='grc' dir='ltr'><strong><em>μὲν</em></strong></span> <span class='ocrx_word' id='word_1_85' title='bbox 1718 1533 2065 1634; x_wconf 77' lang='grc' dir='ltr'><em>σκήπτρῳ</em></span> <span class='ocrx_word' id='word_1_86' title='bbox 2114 1535 2408 1633; x_wconf 75' lang='grc' dir='ltr'><strong><em>ἐτίμησε</em></strong></span> <span class='ocrx_word' id='word_1_87' title='bbox 2457 1534 2586 1613; x_wconf 78' lang='grc' dir='ltr'><strong><em>καὶ,</em></strong></span> <span class='ocrx_word' id='word_1_88' title='bbox 2636 1533 2689 1608; x_wconf 89' lang='grc' dir='ltr'><strong><em>δ</em></strong></span> <span class='ocrx_word' id='word_1_89' title='bbox 2688 1529 2852 1609; x_wconf 68' lang='lat' dir='ltr'><strong>exd-</strong></span> 
     </span>
     <span class='ocr_line' id='line_1_12' title="bbox 618 1633 2854 1740; baseline -0.004 -23"><span class='ocrx_word' id='word_1_90' title='bbox 618 1634 771 1736; x_wconf 71' lang='grc' dir='ltr'><strong><em>ζεὶν</em></strong></span> <span class='ocrx_word' id='word_1_91' title='bbox 831 1644 1083 1725; x_wconf 75' lang='grc' dir='ltr'><strong><em>ἔταξεν</em></strong></span> <span class='ocrx_word' id='word_1_92' title='bbox 1146 1644 1229 1716; x_wconf 79' lang='grc' dir='ltr'><strong><em>ἐν</em></strong></span> <span class='ocrx_word' id='word_1_93' title='bbox 1290 1646 1382 1735; x_wconf 88' lang='grc' dir='ltr'><strong>τῇ</strong></span> <span class='ocrx_word' id='word_1_94' title='bbox 1433 1636 1832 1720; x_wconf 77' lang='grc' dir='ltr'><strong><em>Αἶδωνὲως</em></strong></span> <span class='ocrx_word' id='word_1_95' title='bbox 1895 1638 2134 1740; x_wconf 73' lang='grc' dir='ltr'><strong><em>ἀγορᾷ</em></strong></span> <span class='ocrx_word' id='word_1_96' title='bbox 2149 1694 2176 1727; x_wconf 99' lang='grc'><strong><em>,</em></strong></span> <span class='ocrx_word' id='word_1_97' title='bbox 2209 1644 2575 1735; x_wconf 79' lang='grc' dir='ltr'><strong><em>.Μοιριῢν</em></strong></span> <span class='ocrx_word' id='word_1_98' title='bbox 2623 1634 2704 1711; x_wconf 74' lang='grc' dir='ltr'><strong>δ’</strong></span> <span class='ocrx_word' id='word_1_99' title='bbox 2760 1633 2854 1709; x_wconf 81' lang='grc' dir='ltr'><strong>οὗ</strong></span> 
     </span>
     <span class='ocr_line' id='line_1_13' title="bbox 616 1736 2852 1842; baseline -0.006 -22"><span class='ocrx_word' id='word_1_100' title='bbox 616 1739 1117 1842; x_wconf 80' lang='grc' dir='ltr'><strong><em>παρῃτήσατο.</em></strong></span> <span class='ocrx_word' id='word_1_101' title='bbox 1247 1740 1439 1813; x_wconf 86' lang='lat' dir='ltr'><strong>Haec</strong></span> <span class='ocrx_word' id='word_1_102' title='bbox 1503 1764 1699 1836; x_wconf 84' lang='lat' dir='ltr'><strong>quum</strong></span> <span class='ocrx_word' id='word_1_103' title='bbox 1765 1741 2118 1812; x_wconf 82' lang='lat' dir='ltr'><strong>verissime.</strong></span> <span class='ocrx_word' id='word_1_104' title='bbox 2183 1740 2467 1814; x_wconf 77' lang='lat' dir='ltr'>dixisset</span> <span class='ocrx_word' id='word_1_105' title='bbox 2534 1736 2852 1811; x_wconf 73' lang='lat' dir='ltr'>Olearium</span> 
     </span>
     <span class='ocr_line' id='line_1_14' title="bbox 618 1840 2854 1940; baseline -0.004 -21"><span class='ocrx_word' id='word_1_106' title='bbox 618 1848 705 1920; x_wconf 85' lang='lat' dir='ltr'><strong>ad</strong></span> <span class='ocrx_word' id='word_1_107' title='bbox 770 1845 1113 1940; x_wconf 80' lang='lat' dir='ltr'><strong>Odysseae</strong></span> <span class='ocrx_word' id='word_1_108' title='bbox 1164 1841 1307 1914; x_wconf 87' lang='lat' dir='ltr'><strong>XI.</strong></span> <span class='ocrx_word' id='word_1_109' title='bbox 1363 1866 1425 1913; x_wconf 82' lang='lat' dir='ltr'><strong>v.</strong></span> <span class='ocrx_word' id='word_1_110' title='bbox 1480 1845 1658 1917; x_wconf 79' lang='lat'><strong>568.</strong></span> <span class='ocrx_word' id='word_1_111' title='bbox 1721 1865 1909 1938; x_wconf 85' lang='lat' dir='ltr'><strong>seqq.</strong></span> <span class='ocrx_word' id='word_1_112' title='bbox 1937 1888 1946 1894; x_wconf 90' lang='lat'>-</span> <span class='ocrx_word' id='word_1_113' title='bbox 1977 1852 2323 1940; x_wconf 85' lang='lat' dir='ltr'><strong>spectare,</strong></span> <span class='ocrx_word' id='word_1_114' title='bbox 2390 1841 2638 1913; x_wconf 85' lang='lat' dir='ltr'><strong>fatetur</strong></span> <span class='ocrx_word' id='word_1_115' title='bbox 2701 1840 2854 1937; x_wconf 83' lang='lat' dir='ltr'><strong>qui-</strong></span> 
     </span>
     <span class='ocr_line' id='line_1_15' title="bbox 619 1941 2850 2020; baseline -0.004 0"><span class='ocrx_word' id='word_1_116' title='bbox 619 1949 765 2020; x_wconf 85' lang='lat' dir='ltr'><strong>dem</strong></span> <span class='ocrx_word' id='word_1_117' title='bbox 816 1945 1358 2017; x_wconf 85' lang='lat' dir='ltr'><strong>Hemsterhusius</strong></span> <span class='ocrx_word' id='word_1_118' title='bbox 1406 1943 1474 2015; x_wconf 91' lang='lat' dir='ltr'><strong>in</strong></span> <span class='ocrx_word' id='word_1_119' title='bbox 1525 1943 1837 2016; x_wconf 79' lang='lat' dir='ltr'><strong>Hernicis</strong></span> <span class='ocrx_word' id='word_1_120' title='bbox 1887 1943 2282 2016; x_wconf 79' lang='lat' dir='ltr'><strong>Philostrati</strong></span> <span class='ocrx_word' id='word_1_121' title='bbox 2334 1968 2397 2017; x_wconf 88' lang='lat' dir='ltr'><strong>c.</strong></span> <span class='ocrx_word' id='word_1_122' title='bbox 2448 1941 2672 2014; x_wconf 89' lang='lat' dir='ltr'><strong>XIX.</strong></span> <span class='ocrx_word' id='word_1_123' title='bbox 2729 1944 2850 2015; x_wconf 79' lang='lat'><strong>12.</strong></span> 
     </span>
     <span class='ocr_line' id='line_1_16' title="bbox 618 2042 2851 2141; baseline -0.003 -21"><span class='ocrx_word' id='word_1_124' title='bbox 618 2049 913 2120; x_wconf 86' lang='lat' dir='ltr'><strong>ultimum</strong></span> <span class='ocrx_word' id='word_1_125' title='bbox 944 2045 1288 2141; x_wconf 79' lang='lat' dir='ltr'><strong>Odysseae</strong></span> <span class='ocrx_word' id='word_1_126' title='bbox 1339 2046 1574 2117; x_wconf 86' lang='lat' dir='ltr'><strong>librum</strong></span> <span class='ocrx_word' id='word_1_127' title='bbox 1629 2042 1986 2141; x_wconf 77' lang='grc' dir='ltr'><strong><em>δευτέραν</em></strong></span> <span class='ocrx_word' id='word_1_128' title='bbox 2030 2042 2552 2140; x_wconf 75' lang='grc' dir='ltr'><strong><em>Ψυχοστασίαν</em></strong></span> <span class='ocrx_word' id='word_1_129' title='bbox 2604 2042 2851 2132; x_wconf 84' lang='lat' dir='ltr'><strong>vocari,</strong></span> 
     </span>
     <span class='ocr_line' id='line_1_17' title="bbox 619 2143 2852 2243; baseline -0.003 -20"><span class='ocrx_word' id='word_1_130' title='bbox 619 2159 695 2223; x_wconf 86' lang='lat' dir='ltr'><strong>ut</strong></span> <span class='ocrx_word' id='word_1_131' title='bbox 743 2149 1125 2220; x_wconf 84' lang='lat' dir='ltr'><strong>undecimus</strong></span> <span class='ocrx_word' id='word_1_132' title='bbox 1177 2156 1358 2220; x_wconf 86' lang='lat' dir='ltr'><strong>recte</strong></span> <span class='ocrx_word' id='word_1_133' title='bbox 1406 2143 1453 2242; x_wconf 83' lang='grc' dir='ltr'><strong><em>ἦ</em></strong></span> <span class='ocrx_word' id='word_1_134' title='bbox 1505 2145 1823 2242; x_wconf 73' lang='grc' dir='ltr'><strong><em>προτέρα</em></strong></span> <span class='ocrx_word' id='word_1_135' title='bbox 1878 2146 2084 2218; x_wconf 86' lang='lat' dir='ltr'><strong>videri</strong></span> <span class='ocrx_word' id='word_1_136' title='bbox 2150 2149 2403 2243; x_wconf 87' lang='lat' dir='ltr'><strong>possit,</strong></span> <span class='ocrx_word' id='word_1_137' title='bbox 2471 2146 2587 2217; x_wconf 87' lang='lat' dir='ltr'><strong>sed</strong></span> <span class='ocrx_word' id='word_1_138' title='bbox 2643 2144 2852 2216; x_wconf 83' lang='lat' dir='ltr'><strong>nihile</strong></span> 
     </span>
     <span class='ocr_line' id='line_1_18' title="bbox 527 2246 2856 2345; baseline -0.001 -26"><span class='ocrx_word' id='word_1_139' title='bbox 527 2247 834 2324; x_wconf 82' lang='lat' dir='ltr'><strong>l4miuus</strong></span> <span class='ocrx_word' id='word_1_140' title='bbox 886 2249 1224 2322; x_wconf 80' lang='lat' dir='ltr'><strong>contendit</strong></span> <span class='ocrx_word' id='word_1_141' title='bbox 1274 2249 1355 2320; x_wconf 85' lang='lat' dir='ltr'><strong>de</strong></span> <span class='ocrx_word' id='word_1_142' title='bbox 1394 2249 1714 2345; x_wconf 84' lang='lat' dir='ltr'><strong>Aeschyli</strong></span> <span class='ocrx_word' id='word_1_143' title='bbox 1740 2247 2212 2343; x_wconf 84' lang='lat' dir='ltr'><strong>Psychostasia</strong></span> <span class='ocrx_word' id='word_1_144' title='bbox 2262 2247 2446 2344; x_wconf 84' lang='lat' dir='ltr'><strong>loqui</strong></span> <span class='ocrx_word' id='word_1_145' title='bbox 2475 2246 2856 2318; x_wconf 84' lang='lat' dir='ltr'><strong>Philostra-</strong></span> 
     </span>
     <span class='ocr_line' id='line_1_19' title="bbox 457 2350 2853 2448; baseline -0.003 -21"><span class='ocrx_word' id='word_1_146' title='bbox 457 2358 467 2373; x_wconf 84' lang='lat'><em>&#39;</em></span> <span class='ocrx_word' id='word_1_147' title='bbox 622 2365 801 2445; x_wconf 88' lang='lat' dir='ltr'><strong>tum,</strong></span> <span class='ocrx_word' id='word_1_148' title='bbox 869 2350 1043 2448; x_wconf 89' lang='lat' dir='ltr'><strong>quod</strong></span> <span class='ocrx_word' id='word_1_149' title='bbox 1093 2360 1361 2448; x_wconf 85' lang='lat' dir='ltr'><strong>praeter</strong></span> <span class='ocrx_word' id='word_1_150' title='bbox 1409 2374 1677 2422; x_wconf 85' lang='lat' dir='ltr'><strong>aureum</strong></span> <span class='ocrx_word' id='word_1_151' title='bbox 1740 2360 2071 2446; x_wconf 80' lang='lat' dir='ltr'><strong>sceptrum</strong></span> <span class='ocrx_word' id='word_1_152' title='bbox 2121 2350 2287 2421; x_wconf 82' lang='lat' dir='ltr'><strong>nihil</strong></span> <span class='ocrx_word' id='word_1_153' title='bbox 2339 2373 2603 2440; x_wconf 86' lang='lat' dir='ltr'><strong>eorum,</strong></span> <span class='ocrx_word' id='word_1_154' title='bbox 2685 2369 2853 2444; x_wconf 83' lang='lat' dir='ltr'><strong>quae</strong></span> 
     </span>
     <span class='ocr_line' id='line_1_20' title="bbox 618 2448 2856 2547; baseline -0.003 -20"><span class='ocrx_word' id='word_1_155' title='bbox 618 2454 1071 2527; x_wconf 77' lang='lat' dir='ltr'><strong>Philostratus</strong></span> <span class='ocrx_word' id='word_1_156' title='bbox 1135 2453 1413 2542; x_wconf 87' lang='lat' dir='ltr'><strong>haheat,</strong></span> <span class='ocrx_word' id='word_1_157' title='bbox 1483 2453 1553 2524; x_wconf 88' lang='lat' dir='ltr'><strong>in</strong></span> <span class='ocrx_word' id='word_1_158' title='bbox 1622 2460 1763 2525; x_wconf 86' lang='lat' dir='ltr'><strong>tota</strong></span> <span class='ocrx_word' id='word_1_159' title='bbox 1815 2452 2123 2546; x_wconf 84' lang='lat' dir='ltr'><strong>Odyssea</strong></span> <span class='ocrx_word' id='word_1_160' title='bbox 2185 2451 2579 2547; x_wconf 83' lang='lat' dir='ltr'><strong>reperiatur.</strong></span> <span class='ocrx_word' id='word_1_161' title='bbox 2700 2448 2856 2523; x_wconf 78' lang='lat' dir='ltr'><strong>Non</strong></span> 
     </span>
     <span class='ocr_line' id='line_1_21' title="bbox 622 2550 2857 2652; baseline -0.003 -23"><span class='ocrx_word' id='word_1_162' title='bbox 622 2556 945 2652; x_wconf 83' lang='lat' dir='ltr'><strong>cogitavit</strong></span> <span class='ocrx_word' id='word_1_163' title='bbox 1008 2555 1111 2626; x_wconf 82' lang='lat' dir='ltr'><strong>vir</strong></span> <span class='ocrx_word' id='word_1_164' title='bbox 1176 2553 1527 2649; x_wconf 81' lang='lat' dir='ltr'><strong>egregius,</strong></span> <span class='ocrx_word' id='word_1_165' title='bbox 1610 2577 1777 2649; x_wconf 88' lang='lat' dir='ltr'><strong>quae</strong></span> <span class='ocrx_word' id='word_1_166' title='bbox 1840 2562 2176 2652; x_wconf 85' lang='lat' dir='ltr'><strong>postrema</strong></span> <span class='ocrx_word' id='word_1_167' title='bbox 2240 2563 2394 2625; x_wconf 87' lang='lat' dir='ltr'><strong>sunt</strong></span> <span class='ocrx_word' id='word_1_168' title='bbox 2457 2550 2857 2625; x_wconf 81' lang='lat' dir='ltr'><strong>Philostrati</strong></span> 
     </span>
     <span class='ocr_line' id='line_1_22' title="bbox 620 2649 2859 2750; baseline -0.002 -22"><span class='ocrx_word' id='word_1_169' title='bbox 620 2658 849 2746; x_wconf 71' lang='lat' dir='ltr'><strong>verba,</strong></span> <span class='ocrx_word' id='word_1_170' title='bbox 903 2658 1229 2746; x_wconf 81' lang='grc' dir='ltr'><strong><em>Μοιρῶν</em></strong></span> <span class='ocrx_word' id='word_1_171' title='bbox 1278 2651 1353 2726; x_wconf 77' lang='grc' dir='ltr'><strong>δ’</strong></span> <span class='ocrx_word' id='word_1_172' title='bbox 1396 2652 1486 2727; x_wconf 83' lang='grc' dir='ltr'><strong>οὐ</strong></span> <span class='ocrx_word' id='word_1_173' title='bbox 1512 2649 2015 2749; x_wconf 79' lang='grc' dir='ltr'><strong><em>παρῃτήσατο,</em></strong></span> <span class='ocrx_word' id='word_1_174' title='bbox 2066 2655 2278 2750; x_wconf 90' lang='lat' dir='ltr'><strong>ipsius</strong></span> <span class='ocrx_word' id='word_1_175' title='bbox 2313 2655 2653 2726; x_wconf 88' lang='lat' dir='ltr'><strong>continere</strong></span> <span class='ocrx_word' id='word_1_176' title='bbox 2685 2651 2859 2724; x_wconf 86' lang='lat' dir='ltr'><strong>Phi-</strong></span> 
     </span>
     <span class='ocr_line' id='line_1_23' title="bbox 621 2753 2857 2847; baseline -0.002 -18"><span class='ocrx_word' id='word_1_177' title='bbox 621 2756 891 2829; x_wconf 85' lang='lat' dir='ltr'><strong>lostrati</strong></span> <span class='ocrx_word' id='word_1_178' title='bbox 943 2755 1359 2845; x_wconf 86' lang='lat' dir='ltr'><strong>sententiam,</strong></span> <span class='ocrx_word' id='word_1_179' title='bbox 1413 2755 1540 2826; x_wconf 89' lang='lat' dir='ltr'><strong>hoc</strong></span> <span class='ocrx_word' id='word_1_180' title='bbox 1576 2754 1883 2847; x_wconf 87' lang='lat' dir='ltr'><strong>dicentis,</strong></span> <span class='ocrx_word' id='word_1_181' title='bbox 1937 2757 2251 2845; x_wconf 82' lang='lat' dir='ltr'><strong>honorem</strong></span> <span class='ocrx_word' id='word_1_182' title='bbox 2289 2755 2596 2828; x_wconf 87' lang='lat' dir='ltr'><strong>hahuisse</strong></span> <span class='ocrx_word' id='word_1_183' title='bbox 2626 2753 2857 2827; x_wconf 82' lang='lat' dir='ltr'><strong>Iovem</strong></span> 
     </span>
     <span class='ocr_line' id='line_1_24' title="bbox 626 2853 2857 2953; baseline -0 -25"><span class='ocrx_word' id='word_1_184' title='bbox 626 2857 851 2928; x_wconf 85' lang='lat' dir='ltr'><strong>Minoi</strong></span> <span class='ocrx_word' id='word_1_185' title='bbox 914 2854 1269 2927; x_wconf 88' lang='lat' dir='ltr'><strong>secundum</strong></span> <span class='ocrx_word' id='word_1_186' title='bbox 1325 2853 1686 2939; x_wconf 82' lang='lat' dir='ltr'><strong>Homerum</strong></span> <span class='ocrx_word' id='word_1_187' title='bbox 1753 2857 1922 2953; x_wconf 93' lang='lat' dir='ltr'><strong>apud</strong></span> <span class='ocrx_word' id='word_1_188' title='bbox 1990 2856 2282 2949; x_wconf 79' lang='lat' dir='ltr'><strong>inferos,</strong></span> <span class='ocrx_word' id='word_1_189' title='bbox 2353 2857 2473 2929; x_wconf 82' lang='lat' dir='ltr'><strong>sed</strong></span> <span class='ocrx_word' id='word_1_190' title='bbox 2533 2855 2857 2953; x_wconf 83' lang='lat' dir='ltr'><strong>impedire</strong></span> 
     </span>
     <span class='ocr_line' id='line_1_25' title="bbox 625 2957 2580 3057; baseline -0.001 -27"><span class='ocrx_word' id='word_1_191' title='bbox 625 2967 845 3030; x_wconf 78' lang='lat' dir='ltr'><strong>tamen</strong></span> <span class='ocrx_word' id='word_1_192' title='bbox 899 2981 981 3028; x_wconf 88' lang='lat' dir='ltr'><strong>ne</strong></span> <span class='ocrx_word' id='word_1_193' title='bbox 1032 2957 1151 3027; x_wconf 89' lang='lat' dir='ltr'><strong>ille</strong></span> <span class='ocrx_word' id='word_1_194' title='bbox 1202 2957 1283 3027; x_wconf 87' lang='lat' dir='ltr'><strong>ad</strong></span> <span class='ocrx_word' id='word_1_195' title='bbox 1336 2957 1587 3029; x_wconf 80' lang='lat' dir='ltr'><strong>inferos</strong></span> <span class='ocrx_word' id='word_1_196' title='bbox 1639 2959 2014 3053; x_wconf 87' lang='lat' dir='ltr'><strong>perveniret</strong></span> <span class='ocrx_word' id='word_1_197' title='bbox 2065 2982 2195 3030; x_wconf 89' lang='lat' dir='ltr'><strong>non</strong></span> <span class='ocrx_word' id='word_1_198' title='bbox 2247 2959 2580 3057; x_wconf 87' lang='lat' dir='ltr'><strong>potuisse.</strong></span> 
     </span>
     <span class='ocr_line' id='line_1_26' title="bbox 832 3058 2861 3159; baseline 0 -29"><span class='ocrx_word' id='word_1_199' title='bbox 832 3058 1139 3130; x_wconf 90' lang='lat' dir='ltr'><strong>Tertiam</strong></span> <span class='ocrx_word' id='word_1_200' title='bbox 1188 3058 1497 3156; x_wconf 84' lang='lat' dir='ltr'><strong>trilogiae</strong></span> <span class='ocrx_word' id='word_1_201' title='bbox 1548 3058 1835 3131; x_wconf 85' lang='lat' dir='ltr'><strong>fabulam</strong></span> <span class='ocrx_word' id='word_1_202' title='bbox 1886 3083 2087 3159; x_wconf 88' lang='lat' dir='ltr'><strong>snpra</strong></span> <span class='ocrx_word' id='word_1_203' title='bbox 2121 3060 2260 3132; x_wconf 83' lang='lat' dir='ltr'><strong>dixi</strong></span> <span class='ocrx_word' id='word_1_204' title='bbox 2294 3061 2365 3131; x_wconf 91' lang='lat' dir='ltr'><strong>in</strong></span> <span class='ocrx_word' id='word_1_205' title='bbox 2402 3061 2584 3132; x_wconf 80' lang='lat' dir='ltr'><strong>obitu</strong></span> <span class='ocrx_word' id='word_1_206' title='bbox 2617 3058 2861 3132; x_wconf 80' lang='lat' dir='ltr'><strong>Achil-</strong></span> 
     </span>
     <span class='ocr_line' id='line_1_27' title="bbox 476 3161 2881 3258; baseline -0.001 -25"><span class='ocrx_word' id='word_1_207' title='bbox 476 3166 491 3188; x_wconf 86' lang='lat'><strong><em>‘</em></strong></span> <span class='ocrx_word' id='word_1_208' title='bbox 537 3204 542 3213; x_wconf 94' lang='lat'><strong>·</strong></span> <span class='ocrx_word' id='word_1_209' title='bbox 586 3161 716 3233; x_wconf 58' lang='lat' dir='ltr'><strong>&lt;lis</strong></span> <span class='ocrx_word' id='word_1_210' title='bbox 769 3161 977 3234; x_wconf 80' lang='lat' dir='ltr'><strong>videri</strong></span> <span class='ocrx_word' id='word_1_211' title='bbox 1043 3183 1192 3232; x_wconf 85' lang='lat' dir='ltr'><strong>esse</strong></span> <span class='ocrx_word' id='word_1_212' title='bbox 1242 3170 1609 3252; x_wconf 81' lang='lat' dir='ltr'><strong>versatam,</strong></span> <span class='ocrx_word' id='word_1_213' title='bbox 1689 3162 1934 3233; x_wconf 90' lang='lat' dir='ltr'><strong>nesciri</strong></span> <span class='ocrx_word' id='word_1_214' title='bbox 1986 3170 2198 3234; x_wconf 87' lang='lat' dir='ltr'><strong>autem</strong></span> <span class='ocrx_word' id='word_1_215' title='bbox 2267 3161 2438 3258; x_wconf 85' lang='lat' dir='ltr'><strong>quod</strong></span> <span class='ocrx_word' id='word_1_216' title='bbox 2508 3162 2570 3233; x_wconf 89' lang='lat' dir='ltr'><strong>ei</strong></span> <span class='ocrx_word' id='word_1_217' title='bbox 2621 3184 2881 3239; x_wconf 75' lang='lat' dir='ltr'><strong>nomen,</strong></span> 
     </span>
     <span class='ocr_line' id='line_1_28' title="bbox 628 3259 2858 3359; baseline -0.001 -24"><span class='ocrx_word' id='word_1_218' title='bbox 628 3263 856 3335; x_wconf 81' lang='lat' dir='ltr'><strong>fuerit.</strong></span> <span class='ocrx_word' id='word_1_219' title='bbox 957 3259 1189 3359; x_wconf 85' lang='lat' dir='ltr'><strong>Neque</strong></span> <span class='ocrx_word' id='word_1_220' title='bbox 1237 3261 1308 3332; x_wconf 90' lang='lat' dir='ltr'><strong>id</strong></span> <span class='ocrx_word' id='word_1_221' title='bbox 1336 3263 1618 3333; x_wconf 65' lang='lat' dir='ltr'><strong>mirum.</strong></span> <span class='ocrx_word' id='word_1_222' title='bbox 1717 3260 1887 3335; x_wconf 86' lang='lat' dir='ltr'><strong>Nam</strong></span> <span class='ocrx_word' id='word_1_223' title='bbox 1949 3286 2160 3359; x_wconf 84' lang='lat' dir='ltr'><strong>neque</strong></span> <span class='ocrx_word' id='word_1_224' title='bbox 2209 3263 2412 3334; x_wconf 81' lang='lat' dir='ltr'><strong>index</strong></span> <span class='ocrx_word' id='word_1_225' title='bbox 2463 3262 2858 3355; x_wconf 84' lang='lat' dir='ltr'><strong>fabularum,</strong></span> 
     </span>
     <span class='ocr_line' id='line_1_29' title="bbox 633 3362 2940 3462; baseline -0.002 -26"><span class='ocrx_word' id='word_1_226' title='bbox 633 3365 747 3462; x_wconf 82' lang='lat' dir='ltr'><strong>qui</strong></span> <span class='ocrx_word' id='word_1_227' title='bbox 796 3365 865 3436; x_wconf 93' lang='lat' dir='ltr'><strong>in</strong></span> <span class='ocrx_word' id='word_1_228' title='bbox 918 3362 1300 3460; x_wconf 82' lang='lat' dir='ltr'><strong>quibusdam</strong></span> <span class='ocrx_word' id='word_1_229' title='bbox 1346 3364 1690 3436; x_wconf 81' lang='lat' dir='ltr'><strong>codicibus</strong></span> <span class='ocrx_word' id='word_1_230' title='bbox 1739 3365 2095 3454; x_wconf 86' lang='lat' dir='ltr'><strong>iuvenitur,</strong></span> <span class='ocrx_word' id='word_1_231' title='bbox 2149 3365 2433 3437; x_wconf 83' lang='lat' dir='ltr'><strong>omnium</strong></span> <span class='ocrx_word' id='word_1_232' title='bbox 2486 3365 2683 3436; x_wconf 82' lang='lat' dir='ltr'><strong>hahet</strong></span> <span class='ocrx_word' id='word_1_233' title='bbox 2733 3388 2862 3437; x_wconf 82' lang='lat' dir='ltr'><strong>ne·</strong></span> <span class='ocrx_word' id='word_1_234' title='bbox 2927 3418 2940 3432; x_wconf 70' lang='grc'><strong><em>,</em></strong></span> 
     </span>
     <span class='ocr_line' id='line_1_30' title="bbox 629 3465 2862 3563; baseline 0 -26"><span class='ocrx_word' id='word_1_235' title='bbox 629 3467 848 3557; x_wconf 86' lang='lat' dir='ltr'><strong>mina,</strong></span> <span class='ocrx_word' id='word_1_236' title='bbox 911 3488 1123 3562; x_wconf 89' lang='lat' dir='ltr'><strong>neque</strong></span> <span class='ocrx_word' id='word_1_237' title='bbox 1173 3465 1351 3536; x_wconf 87' lang='lat' dir='ltr'><strong>inter</strong></span> <span class='ocrx_word' id='word_1_238' title='bbox 1399 3487 1550 3555; x_wconf 85' lang='lat' dir='ltr'><strong>eas,</strong></span> <span class='ocrx_word' id='word_1_239' title='bbox 1621 3489 1891 3563; x_wconf 88' lang='lat' dir='ltr'><strong>quarum</strong></span> <span class='ocrx_word' id='word_1_240' title='bbox 1942 3466 2204 3537; x_wconf 86' lang='lat' dir='ltr'><strong>aliunde</strong></span> <span class='ocrx_word' id='word_1_241' title='bbox 2255 3466 2628 3563; x_wconf 85' lang='lat' dir='ltr'><strong>accepimus</strong></span> <span class='ocrx_word' id='word_1_242' title='bbox 2680 3465 2862 3538; x_wconf 90' lang='lat' dir='ltr'><strong>noti-</strong></span> 
     </span>
     <span class='ocr_line' id='line_1_31' title="bbox 620 3564 2862 3664; baseline -0.001 -24"><span class='ocrx_word' id='word_1_243' title='bbox 620 3567 820 3659; x_wconf 64' lang='lat' dir='ltr'><strong>fiam,</strong></span> <span class='ocrx_word' id='word_1_244' title='bbox 872 3566 1011 3637; x_wconf 89' lang='lat' dir='ltr'><strong>ulla</strong></span> <span class='ocrx_word' id='word_1_245' title='bbox 1061 3573 1189 3657; x_wconf 90' lang='lat' dir='ltr'><strong>est,</strong></span> <span class='ocrx_word' id='word_1_246' title='bbox 1243 3588 1433 3662; x_wconf 88' lang='lat' dir='ltr'><strong>quam</strong></span> <span class='ocrx_word' id='word_1_247' title='bbox 1485 3576 1601 3638; x_wconf 90' lang='lat' dir='ltr'><strong>aut</strong></span> <span class='ocrx_word' id='word_1_248' title='bbox 1648 3592 1883 3639; x_wconf 87' lang='lat' dir='ltr'><strong>nomeu</strong></span> <span class='ocrx_word' id='word_1_249' title='bbox 1938 3576 2050 3640; x_wconf 89' lang='lat' dir='ltr'><strong>aut</strong></span> <span class='ocrx_word' id='word_1_250' title='bbox 2099 3568 2463 3663; x_wconf 76' lang='lat' dir='ltr'><strong>fragmenta</strong></span> <span class='ocrx_word' id='word_1_251' title='bbox 2492 3564 2862 3664; x_wconf 81' lang='lat' dir='ltr'><strong>adiungen-</strong></span> 
     </span>
    </p>
   </div>
   <div class='ocr_carea' id='block_1_5' title="bbox 636 3665 3052 3765">
    <p class='ocr_par' dir='ltr' id='par_1_5' title="bbox 636 3665 3052 3765">
     <span class='ocr_line' id='line_1_32' title="bbox 636 3665 3052 3765; baseline -0 -26"><span class='ocrx_word' id='word_1_252' title='bbox 636 3666 782 3758; x_wconf 79' lang='lat' dir='ltr'><strong>dam</strong></span> <span class='ocrx_word' id='word_1_253' title='bbox 847 3691 999 3739; x_wconf 86' lang='lat' dir='ltr'><strong>esse</strong></span> <span class='ocrx_word' id='word_1_254' title='bbox 1058 3665 1566 3762; x_wconf 88' lang='lat' dir='ltr'><strong>Psychostasiae</strong></span> <span class='ocrx_word' id='word_1_255' title='bbox 1632 3669 1965 3760; x_wconf 81' lang='lat' dir='ltr'><strong>iudicent,</strong></span> <span class='ocrx_word' id='word_1_256' title='bbox 2044 3694 2256 3765; x_wconf 87' lang='lat' dir='ltr'><strong>neque</strong></span> <span class='ocrx_word' id='word_1_257' title='bbox 2323 3670 2725 3741; x_wconf 80' lang='lat' dir='ltr'><strong>Aristoteles</strong></span> <span class='ocrx_word' id='word_1_258' title='bbox 2786 3669 2855 3738; x_wconf 86' lang='lat' dir='ltr'><strong>in</strong></span> <span class='ocrx_word' id='word_1_259' title='bbox 2913 3734 2924 3740; x_wconf 65' lang='lat'><em>„</em></span> <span class='ocrx_word' id='word_1_260' title='bbox 3041 3666 3052 3687; x_wconf 70' lang='lat'><strong>²</strong></span> 
     </span>
    </p>
   </div>
   <div class='ocr_carea' id='block_1_6' title="bbox 516 3767 2866 4477">
    <p class='ocr_par' dir='ltr' id='par_1_6' title="bbox 516 3767 2866 4477">
     <span class='ocr_line' id='line_1_33' title="bbox 634 3767 2856 3866; baseline 0 -26"><span class='ocrx_word' id='word_1_261' title='bbox 634 3771 802 3840; x_wconf 82' lang='lat' dir='ltr'><strong>Arte</strong></span> <span class='ocrx_word' id='word_1_262' title='bbox 866 3768 1129 3866; x_wconf 84' lang='lat' dir='ltr'><strong>poetica</strong></span> <span class='ocrx_word' id='word_1_263' title='bbox 1195 3793 1257 3841; x_wconf 93' lang='lat' dir='ltr'><strong>c.</strong></span> <span class='ocrx_word' id='word_1_264' title='bbox 1308 3767 1608 3842; x_wconf 90' lang='lat' dir='ltr'><strong>XXIII.</strong></span> <span class='ocrx_word' id='word_1_265' title='bbox 1659 3774 1736 3848; x_wconf 87' lang='lat'><strong>7.</strong></span> <span class='ocrx_word' id='word_1_266' title='bbox 1802 3771 1914 3842; x_wconf 82' lang='lat' dir='ltr'><strong>uhi</strong></span> <span class='ocrx_word' id='word_1_267' title='bbox 1979 3794 2066 3842; x_wconf 82' lang='lat' dir='ltr'><strong>ex</strong></span> <span class='ocrx_word' id='word_1_268' title='bbox 2131 3770 2554 3858; x_wconf 43' lang='lat' dir='ltr'><strong>carminibus,</strong></span> <span class='ocrx_word' id='word_1_269' title='bbox 2593 3769 2856 3866; x_wconf 79' lang='lat' dir='ltr'><strong>Cypriis</strong></span> 
     </span>
     <span class='ocr_line' id='line_1_34' title="bbox 639 3868 2862 3969; baseline -0.001 -27"><span class='ocrx_word' id='word_1_270' title='bbox 639 3876 708 3942; x_wconf 83' lang='lat' dir='ltr'><strong>ct</strong></span> <span class='ocrx_word' id='word_1_271' title='bbox 756 3885 962 3966; x_wconf 85' lang='lat' dir='ltr'><strong>parva</strong></span> <span class='ocrx_word' id='word_1_272' title='bbox 1009 3868 1223 3941; x_wconf 86' lang='lat' dir='ltr'><strong>Iliade</strong></span> <span class='ocrx_word' id='word_1_273' title='bbox 1274 3872 1513 3944; x_wconf 85' lang='lat' dir='ltr'><strong>multas</strong></span> <span class='ocrx_word' id='word_1_274' title='bbox 1564 3871 1776 3944; x_wconf 86' lang='lat' dir='ltr'><strong>factas</strong></span> <span class='ocrx_word' id='word_1_275' title='bbox 1828 3896 1977 3944; x_wconf 87' lang='lat' dir='ltr'><strong>esse</strong></span> <span class='ocrx_word' id='word_1_276' title='bbox 2027 3868 2406 3969; x_wconf 83' lang='lat' dir='ltr'><strong>tragoedias</strong></span> <span class='ocrx_word' id='word_1_277' title='bbox 2459 3873 2661 3964; x_wconf 85' lang='lat' dir='ltr'><strong>dicit,</strong></span> <span class='ocrx_word' id='word_1_278' title='bbox 2726 3870 2862 3941; x_wconf 86' lang='lat' dir='ltr'><strong>alia</strong></span> 
     </span>
     <span class='ocr_line' id='line_1_35' title="bbox 637 3971 2862 4071; baseline 0 -27"><span class='ocrx_word' id='word_1_279' title='bbox 637 3971 863 4070; x_wconf 82' lang='lat' dir='ltr'><strong>posuit</strong></span> <span class='ocrx_word' id='word_1_280' title='bbox 909 3972 1212 4063; x_wconf 86' lang='lat' dir='ltr'><strong>nomina,</strong></span> <span class='ocrx_word' id='word_1_281' title='bbox 1285 3996 1481 4069; x_wconf 83' lang='lat' dir='ltr'><strong>quam</strong></span> <span class='ocrx_word' id='word_1_282' title='bbox 1542 3997 1710 4070; x_wconf 88' lang='lat' dir='ltr'><strong>quae</strong></span> <span class='ocrx_word' id='word_1_283' title='bbox 1776 3974 1856 4044; x_wconf 89' lang='lat' dir='ltr'><strong>ad</strong></span> <span class='ocrx_word' id='word_1_284' title='bbox 1909 3998 2018 4045; x_wconf 89' lang='lat' dir='ltr'><strong>res</strong></span> <span class='ocrx_word' id='word_1_285' title='bbox 2067 3983 2228 4071; x_wconf 76' lang='lat' dir='ltr'><strong>post</strong></span> <span class='ocrx_word' id='word_1_286' title='bbox 2274 3974 2520 4046; x_wconf 81' lang='lat' dir='ltr'><strong>obitum</strong></span> <span class='ocrx_word' id='word_1_287' title='bbox 2572 3971 2862 4046; x_wconf 79' lang='lat' dir='ltr'><strong>Achillis</strong></span> 
     </span>
     <span class='ocr_line' id='line_1_36' title="bbox 516 4071 2864 4172; baseline 0 -28"><span class='ocrx_word' id='word_1_288' title='bbox 516 4120 522 4128; x_wconf 79' lang='lat'><em>‚</em></span> <span class='ocrx_word' id='word_1_289' title='bbox 640 4079 825 4145; x_wconf 80' lang='lat' dir='ltr'><strong>actas</strong></span> <span class='ocrx_word' id='word_1_290' title='bbox 873 4073 1269 4168; x_wconf 85' lang='lat' dir='ltr'><strong>pertineant.</strong></span> <span class='ocrx_word' id='word_1_291' title='bbox 1371 4071 1550 4147; x_wconf 88' lang='lat' dir='ltr'><strong>Sunt</strong></span> <span class='ocrx_word' id='word_1_292' title='bbox 1587 4083 1802 4149; x_wconf 87' lang='lat' dir='ltr'><strong>autem</strong></span> <span class='ocrx_word' id='word_1_293' title='bbox 1837 4076 2040 4148; x_wconf 55' lang='lat' dir='ltr'><strong>haece</strong></span> <span class='ocrx_word' id='word_1_294' title='bbox 2084 4072 2392 4150; x_wconf 69' lang='grc' dir='ltr'><strong><em>’Όπλων</em></strong></span> <span class='ocrx_word' id='word_1_295' title='bbox 2419 4072 2683 4172; x_wconf 83' lang='grc' dir='ltr'><strong><em>κρίσις,</em></strong></span> <span class='ocrx_word' id='word_1_296' title='bbox 2718 4077 2864 4145; x_wconf 80' lang='grc' dir='ltr'><strong>Φι-</strong></span> 
     </span>
     <span class='ocr_line' id='line_1_37' title="bbox 632 4166 2864 4272; baseline 0.001 -26"><span class='ocrx_word' id='word_1_297' title='bbox 632 4166 1010 4269; x_wconf 78' lang='grc' dir='ltr'><strong><em>λοκτήτης,</em></strong></span> <span class='ocrx_word' id='word_1_298' title='bbox 1060 4169 1583 4272; x_wconf 76' lang='grc' dir='ltr'><strong><em>Νεοπτόλεμος,</em></strong></span> <span class='ocrx_word' id='word_1_299' title='bbox 1637 4171 2095 4272; x_wconf 80' lang='grc' dir='ltr'><strong><em>Εὐρύπυλος,</em></strong></span> <span class='ocrx_word' id='word_1_300' title='bbox 2148 4176 2523 4272; x_wconf 79' lang='grc' dir='ltr'><strong><em>Πτωχεία,</em></strong></span> <span class='ocrx_word' id='word_1_301' title='bbox 2568 4172 2864 4251; x_wconf 71' lang='grc' dir='ltr'><strong><em>Λάκαι·-</em></strong></span> 
     </span>
     <span class='ocr_line' id='line_1_38' title="bbox 640 4271 2866 4376; baseline -0.001 -26"><span class='ocrx_word' id='word_1_302' title='bbox 640 4302 809 4363; x_wconf 88' lang='grc' dir='ltr'><strong><em>ναι,</em></strong></span> <span class='ocrx_word' id='word_1_303' title='bbox 844 4271 1089 4349; x_wconf 83' lang='grc' dir='ltr'><strong><em>Ἰλίου.</em></strong></span> <span class='ocrx_word' id='word_1_304' title='bbox 1112 4274 1399 4373; x_wconf 77' lang='grc' dir='ltr'><strong><em>πέρσις,</em></strong></span> <span class='ocrx_word' id='word_1_305' title='bbox 1448 4273 1895 4367; x_wconf 76' lang='grc' dir='ltr'><strong><em>Ἅπόπλους,</em></strong></span> <span class='ocrx_word' id='word_1_306' title='bbox 1945 4276 2232 4371; x_wconf 85' lang='grc' dir='ltr'><strong><em>Σίνων,</em></strong></span> <span class='ocrx_word' id='word_1_307' title='bbox 2292 4274 2657 4376; x_wconf 76' lang='grc' dir='ltr'><strong><em>Τρῳάδες.</em></strong></span> <span class='ocrx_word' id='word_1_308' title='bbox 2758 4278 2866 4348; x_wconf 81' lang='lat' dir='ltr'><strong>Ac</strong></span> 
     </span>
     <span class='ocr_line' id='line_1_39' title="bbox 642 4368 2863 4477; baseline 0 -29"><span class='ocrx_word' id='word_1_309' title='bbox 642 4368 1149 4474; x_wconf 71' lang='lat' dir='ltr'><strong>potuerant&#39;ltis</strong></span> <span class='ocrx_word' id='word_1_310' title='bbox 1198 4378 1393 4450; x_wconf 87' lang='lat' dir='ltr'><strong>etiam</strong></span> <span class='ocrx_word' id='word_1_311' title='bbox 1446 4379 1598 4451; x_wconf 90' lang='lat' dir='ltr'><strong>addi</strong></span> <span class='ocrx_word' id='word_1_312' title='bbox 1649 4381 1846 4473; x_wconf 84' lang='lat' dir='ltr'><strong>aliae,</strong></span> <span class='ocrx_word' id='word_1_313' title='bbox 1898 4389 1976 4452; x_wconf 90' lang='lat' dir='ltr'><strong>ut</strong></span> <span class='ocrx_word' id='word_1_314' title='bbox 2022 4379 2255 4477; x_wconf 83' lang='lat' dir='ltr'><strong>Epeus</strong></span> <span class='ocrx_word' id='word_1_315' title='bbox 2289 4379 2663 4477; x_wconf 76' lang='lat' dir='ltr'><strong>Euripidis.</strong></span> <span class='ocrx_word' id='word_1_316' title='bbox 2728 4376 2863 4471; x_wconf 76' lang='lat' dir='ltr'><strong>Qui</strong></span> 
     </span>
    </p>
   </div>
  </div>
 </body>
</html>
