3192 4992
626 358 758 424 sss
932 347 956 376 ⁶
975 331 1089 419 ‘ns
1132 357 1569 422 TnAsounu
1611 358 2150 425 commouens
2187 359 2486 422 umes.

528 525 779 605 21dem
825 525 898 597 in
946 522 1123 597 ludis
1173 550 1306 597 non
1333 532 1461 597 est
1491 524 1750 621 'satyris
1801 531 2158 599 certatum:
2211 523 2605 624 praesertim
2657 549 2853 622 quum

631 625 975 700 omittendi
1024 625 1214 698 valde
1280 626 1673 724 probabilis>
1711 650 1948 700 caussa
1996 627 2279 724 cogitari
2326 627 2571 723 possit.
2682 625 2854 702 Nam

628 729 701 802 in
765 726 1131 825 tragoediis
1192 727 1453 800 infinita
1515 753 1886 808 sermonum
1968 729 2082 825 qui
2158 728 2430 801 recitari
2499 729 2855 826 separatim

628 830 891 929 possint
940 829 1133 926 copia
1183 837 1310 920 est,
1361 830 1433 901 in
1482 829 1842 903 comoediis
1893 838 2110 901 autem
2136 831 2344 903 multo
2370 831 2609 903 minor.
2709 828 2856 904 Sed

630 932 772 1005 sive
836 938 1019 1005 recte
1047 963 1058 968 ¹
1083 931 1216 1002 ista
1263 931 1596 1027 supplevit
1626 927 2068 1022 Boeckhius,
2141 932 2280 1004 sive
2330 957 2502 1023 non,
2567 931 2730 1003 nibil
2780 930 2857 1003 id

630 1033 795 1106 facit
860 1032 941 1104 ad
993 1056 1158 1104 rem.
1274 1031 1462 1104 Nihil
1528 1031 1710 1104 aliud
1774 1033 1943 1104 enim
1997 1033 2193 1105 docet
2240 1034 2372 1106 ista
2421 1033 2851 1130 comparatio,

632 1139 826 1233 'quain
873 1133 946 1205 in
996 1126 1208 1207 alte‘ro
1258 1134 1454 1205 titulo
1508 1142 1766 1206 veteres
1818 1141 1887 1206 et
1935 1142 2139 1206 novas
2188 1135 2446 1206 fabulas
2480 1134 2851 1226 memorari,
2916 1207 2927 1216 ,

629 1237 702 1308 in
753 1235 964 1306 altero
1017 1234 1199 1306 solos
1250 1234 1663 1346 tragoedum,
1716 1235 2122 1328 comoedum,
2174 1244 2534 1334 poetasque
2585 1243 2855 1333 tragoe-

633 1336 884 1408 diarum
950 1342 1017 1407 et
1079 1331 1641 1409 comoediarum*
1710 1334 1793 1408 Si
1857 1337 2029 1410 ratio
2094 1336 2427 1410 reddenda
2496 1344 2600 1409 est
2663 1337 2856 1408 huius

633 1437 1075 1529 diversitatis,
1128 1438 1244 1509 vix
1295 1438 1427 1511 alia
1475 1430 1884 1537 reperietur,
1958 1462 2147 1535 quam
2201 1438 2376 1536 quod
2422 1439 2542 1510 ille
2595 1438 2853 1530 titulus,

540 1603 548 1616 „
634 1538 748 1640 qui
798 1537 964 1614 nihil
1018 1538 1098 1614 de
1151 1548 1372 1615 vetere
1439 1549 1554 1613 aut
1616 1564 1787 1613 nova
1836 1539 2059 1612 fabula
2109 1540 2346 1632 habet,
2419 1540 2638 1612 omnia
2687 1564 2859 1613 nova

633 1640 1050 1730 continebat3
1102 1640 1172 1714 in
1224 1642 1434 1716 altero
1488 1649 1730 1734 autem,
1786 1665 1981 1738 quum
2036 1643 2274 1715 veteris
2308 1641 2692 1739 tragoediae
2718 1650 2858 1713 tra-

632 1740 888 1840 goedus
938 1742 1368 1814 nominandus
1420 1754 1635 1835 esset,
1689 1750 2195 1816 cousentaneum
2246 1751 2426 1835 erat,
2498 1751 2574 1814 ut
2624 1743 2857 1815 deiude

636 1865 804 1940 quae
854 1866 1026 1914 nova
1076 1852 1299 1916 essent
1349 1843 1593 1917 diserte
1646 1844 2119 1917 iudicarentur.
2219 1844 2370 1918 Non
2406 1843 2669 1917 videtur
2699 1869 2857 1942 ergo

635 1961 902 2034 verum,
974 1968 1195 2041 parem
1251 1969 1398 2017 esse
1452 1947 1565 2041 qui
1615 1946 2006 2043 simpliciter
2056 1942 2441 2048 τραγῳδὸς
2466 1946 2708 2019 dictus
2761 1954 2862 2034 est

623 2041 1003 2146 Λτραγῳδῷ
1035 2051 1351 2133 παλαιᾶς
1376 2044 1823 2148 τραγῳδίας.
1924 2046 2071 2120 Nec
2119 2071 2279 2120 sane
2327 2042 2402 2120 id
2436 2047 2648 2120 voluit
2678 2047 2864 2120 Boe-

636 2146 912 2239 ckhius,
983 2146 1096 2243 qui
1143 2146 1343 2219 istum
1391 2146 1789 2249 τραγῳδὸν
1838 2147 2083 2221 dixerit
2132 2174 2264 2222 non
2314 2149 2692 2222 necessario
2745 2173 2862 2221 ve-

636 2255 855 2324 tustae
905 2246 1165 2320 fabulae
1216 2250 1540 2322 canticum
1589 2274 1852 2323 canere.
1952 2249 2142 2347 Ergo
2192 2275 2402 2326 novae
2449 2274 2687 2323 cauere
2736 2275 2864 2348 po·-

637 2350 848 2422 tuisse
901 2351 1154 2422 statuit.
1187 2377 1202 2390 ·
1258 2349 1605 2441 Quomodo
1658 2377 1815 2424 vero
1882 2360 2020 2426 tum
2084 2377 2311 2449 parem
2374 2352 2595 2425 dicere
2646 2351 2864 2450 potuit

635 2448 1003 2552 τραγῳδῷ
1068 2458 1385 2534 παλαιᾶς
1445 2451 1916 2554 τραγῳδίαςὲ
2040 2452 2296 2552 Nempe
2374 2477 2599 2551 parem
2676 2453 2862 2545 dicit,

638 2552 755 2650 qui
805 2552 1033 2624 eodem
1084 2554 1236 2625 loco
1288 2554 1357 2624 iu
1407 2554 1538 2626 isto
1592 2555 1829 2647 tituloj
1904 2580 2031 2652 quo
2097 2556 2167 2628 in
2218 2557 2430 2627 altero
2480 2552 2867 2658 τραγῳδὸς

637 2660 956 2736 παλαιᾶς
1016 2650 1439 2752 τραγῳδίας
1501 2656 1759 2749 positus
1825 2666 1951 2729 est.
2080 2656 2255 2748 Quid
2321 2681 2479 2729 vero
2541 2658 2734 2729 locus
2796 2658 2866 2730 iu

639 2754 838 2826 titulo
907 2752 989 2823 ad
1051 2752 1121 2823 id
1189 2752 1360 2849 quod
1414 2748 1711 2827 canunt?
1833 2755 2180 2853 Tragoedi
2231 2766 2423 2832 sunta
2494 2782 2576 2831 eo
2627 2782 2864 2856 pares:

641 2851 928 2943 diversi,
995 2851 1165 2949 quod
1221 2853 1392 2925 alter
1439 2857 1684 2929 veteris
1734 2858 2115 2953 tragoediae
2182 2869 2321 2949 est3
2354 2925 2359 2930 .
2391 2861 2712 2953 alterum,
2784 2860 2864 2933 de

558 3005 574 3024 .
644 2980 773 3053 quo
824 2953 990 3025 nihil
1041 2953 1358 3047 additum,
1409 2981 1618 3028 novae
1670 2982 1817 3030 esse
1853 2961 2169 3056 credibile
2208 2969 2336 3053 est,
2435 2962 2697 3034 uoniam
2735 2986 2867 3033 non

640 3063 865 3156 potest
915 3047 1098 3129 credi
1162 3057 1327 3129 solis
1379 3059 1707 3132 veteribus
1759 3084 1906 3133 esse
1960 3070 2303 3135 certatum.
2465 3063 2544 3135 ed
2598 3072 2744 3136 esto
2795 3070 2867 3135 ut

642 3159 832 3231 ambo
885 3158 1017 3230 sint
1068 3159 1310 3254 veteris
1360 3160 1782 3257 tragoediae:
1850 3164 2032 3237 nullo
2097 3173 2294 3261 pacto
2362 3164 2728 3256 efficietur,
2793 3175 2868 3237 ut

633 3256 921 3336 παλαιὰ
969 3257 1354 3360 τραγῳδία
1417 3286 1627 3358 genus
1669 3264 2010 3362 'antiquum
2061 3267 2314 3338 recenti
2371 3267 2601 3363 generi
2653 3292 2868 3366 oppo-

644 3364 840 3435 situm
893 3361 1248 3456 significet.
1362 3361 1531 3434 Nam
1597 3366 2028 3438 ratiocinatus
2079 3375 2184 3439 est
2232 3367 2363 3440 hoc
2413 3368 2644 3440 modo:
2716 3369 2869 3466 quia

641 3487 840 3561 pares
892 3471 1044 3533 sunt
1092 3461 1478 3563 τραγῳδὸς
1528 3474 1595 3537 et
1643 3464 2028 3567 τραγῳδὸς
2074 3476 2391 3551 παλαιᾶς
2421 3467 2866 3571 τραγῳδίας,

644 3560 924 3643 παλαιὰ
963 3562 1357 3665 ’τραγῳδία
1405 3591 1537 3637 non
1591 3576 1694 3639 est
1743 3568 1965 3639 fabula
2020 3580 2317 3662 vetusta,
2372 3571 2491 3644 sed
2547 3581 2870 3644 vetustum

647 3690 886 3763 genus.
986 3664 1187 3739 Patet
1248 3666 1417 3740 hanc
1479 3668 2048 3743 ratiocinationem
2099 3696 2178 3743 eo
2231 3673 2392 3764 niti,
2465 3673 2640 3770 quod
2690 3701 2870 3771 τρα-

648 3764 902 3869 γῳδὸν
952 3767 1341 3865 simpliciter
1390 3768 1633 3842 dictum
1683 3772 1964 3871 sumpsit
2010 3775 2253 3846 veteris
2301 3775 2483 3847 illius
2521 3776 2713 3871 lyrici
2745 3797 2869 3872 ge-

648 3868 831 3941 neris
881 3876 1215 3948 cautorem
1267 3894 1439 3944 esse.
1540 3874 1636 3944 At
1685 3874 1838 3969 quia
1887 3874 2017 3947 hoc
2044 3900 2171 3947 uon
2204 3875 2699 3969 demonstravit,
2751 3876 2870 3950 sed

653 3969 933 4065 sumpsit
997 3995 1120 4066 pro
1203 3971 1689 4064 demonstrato,
1776 3985 2088 4071 apertum‘
2136 3987 2240 4050 est
2301 3979 2870 4052 ratiocinationem

646 4073 840 4151 istam
890 4071 1138 4149 nullam
1190 4096 1360 4145 esse.
1462 4073 1655 4148 Haec
1704 4085 1917 4148 autem
1969 4078 2028 4149 si
2071 4079 2252 4151 nulla
2281 4089 2408 4172 est,
2462 4081 2640 4153 cadit
2673 4083 2870 4153 etiam

649 4198 817 4273 quae
870 4197 954 4244 ex
1007 4196 1083 4244 ea
1137 4198 1455 4271 suspensa
1506 4185 1610 4249 est
1660 4179 1907 4249 altera:
1990 4180 2141 4278 quia
2208 4179 2504 4277 ποιητὴς
2567 4191 2636 4254 et
2683 4181 2869 4257 ὑπο-

645 4257 895 4371 κριτὴς
942 4272 1365 4382 τραγῳδίας
1412 4302 1608 4375 pares
1660 4288 1814 4352 suut
1862 4287 2153 4378 ποιητῇ
2187 4291 2255 4355 et
2302 4282 2658 4385 ὑποκριτῇ
2707 4311 2870 4358 και-

648 4383 783 4472 νῆς
827 4374 1288 4479 τραγῳδίας,
1358 4376 1575 4481 καινὴ
1625 4379 2008 4487 τραγῳδία
2070 4409 2201 4462 nou
2253 4394 2358 4459 est
2403 4384 2626 4465 fabula
2670 4410 2869 4479 nova,
2997 4409 3003 4418 “
