3192 4992
877 392 1470 454 EMENDATIONES
1515 394 1988 458 PINDARICAE.
2426 399 2552 465 135

289 557 640 676 =accidisse
692 558 952 629 videtur
1017 555 1215 630 etiam
1279 561 1347 630 in
1402 560 1621 632 verbis
1675 583 1842 681 quae
1892 571 2274 659 sequuntur.
2375 565 2546 642 Nam

315 660 491 753 quod
541 661 609 731 in
658 660 849 731 libris
900 668 1006 732 est
1057 657 1540 757 πολυβούλω,
1610 665 1798 759 quasi
1849 665 1908 735 si
1959 665 2287 758 genitivus
2340 678 2540 761 esset,

312 759 397 830 de
462 784 591 855 quo
657 763 977 833 vocabulo
1045 763 1208 833 nibil
1282 764 1624 836 adnotavit
1673 765 2104 858 scholiastes),
2178 769 2403 841 nescio
2456 794 2538 841 an

308 860 380 931 id
444 861 534 933 sit
583 887 670 936 ex
720 860 1121 958 πολύβουλ’
1186 858 1247 935 ω
1313 873 1571 956 natum,
1647 865 1980 962 adscripto
2047 868 2126 939 ab
2177 870 2537 965 interprete

308 962 437 1034 isto
506 990 590 1037 ω.
713 961 1066 1037 Sententia
1128 967 1379 1061 pariter
1444 990 1523 1040 ac
1583 975 1790 1039 metra
1860 968 2106 1063 optime
2170 971 2538 1066 procedunt

312 1064 526 1136 verbis
578 1066 662 1136 ad
712 1065 887 1139 huno
936 1066 1196 1138 modum
1249 1067 1608 1139 correctis.

1385 1177 1951 1342 κυβερνατῆρος
1991 1214 2582 1321 οἶακοστρόφουΒ

494 1310 775 1443 3γνώμα
825 1314 1168 1400 πίσυνος·
1222 1314 1626 1415 πολύβουΐ

494 1416 804 1517 Ὄρσέα,
845 1416 985 1494 συν
1038 1417 1155 1492 σοὶ
1205 1418 1300 1494 δέ
1337 1449 1459 1496 νιν
1507 1416 1945 1516 κωμάξομαι
1988 1419 2316 1518 τερπνὰν
2345 1421 2531 1497 ἄπο-

1619 1518 1913 1611 στάζων
1955 1519 2206 1623 χάριν.

269 1667 364 1841 lF
368 1677 638 1742 uturum
663 1666 1099 1767 κωμάξοιιαι
1129 1674 1391 1745 omnino
1424 1673 1896 1771 reponendum,
1940 1675 2294 1772 habuitque
2324 1677 2528 1749 scho-

325 1771 558 1843 iastes.
1941 1781 1947 1792 '

500 1889 733 1962 Redeo
787 1889 869 1960 ad
920 1889 1268 1985 Pythicum
1320 1915 1609 1963 carmen.
1711 1891 1926 1964 Recte
1976 1853 2295 1967 iudicavit
2342 1893 2526 1967 Boe-

296 1989 533 2064 ckbius
584 2016 717 2064 non
768 1991 1101 2063 ferendam
1152 2016 1300 2065 esse
1350 1992 1591 2089 longae
1644 1994 2040 2066 solutionem
2089 1995 2160 2094 in
2196 1997 2322 2097 his*
2350 2020 2416 2067 v.
2446 1999 2523 2071 5.

494 2137 677 2216 νόον
708 2142 947 2236 ἔχοντ’
992 2140 1302 2240 ἀνδρῶν
1336 2141 1583 2242 φίλον,
1637 2143 1790 2229 οἷος
1832 2142 1979 2220 ἐών
2012 2145 2301 2245 θρέψεν
2326 2146 2520 2220 ποτέ·

287 2293 413 2367 sed
458 2299 651 2368 νοῦν
700 2295 1050 2391 scripsisse
1092 2293 1455 2367 Pindarum
1505 2322 1640 2368 non
1691 2296 1973 2369 credam.
2077 2296 2214 2368 Hic
2264 2322 2522 2394 quoque

292 2395 654 2491 explicatio
711 2420 930 2467 veram
973 2419 1199 2466 vocem
1244 2396 1509 2468 videtur
1552 2398 1936 2493 expulisse.
1989 2398 2231 2497 γνῶμ’
2275 2398 2512 2492 ἔχοντ’

291 2493 601 2593 ἀνδρῶν
651 2494 895 2624 φίλον.
995 2494 1079 2567 Id
1132 2495 1393 2591 quidem
1443 2499 1584 2568 veri
1634 2497 1913 2568 similius
1964 2497 2263 2590 videtur,
2329 2523 2520 2596 quam

288 2607 364 2671 ut
413 2623 536 2695 pro
588 2596 832 2692 νόημα
881 2597 1209 2668 Pindarus
1259 2594 1495 2669 Ionum
1543 2623 1725 2671 more
1761 2605 1982 2681 νῶμα
2017 2599 2383 2695 scripserit,
2437 2600 2519 2673 de

290 2724 420 2795 qua
468 2699 681 2772 forma
733 2698 904 2771 dixit
953 2698 1297 2771 Bentleius
1351 2699 1433 2771 ad
1487 2698 1730 2771 Callim
1781 2700 1851 2770 h.
1902 2697 2052 2771 Iov·
2106 2705 2230 2780 87.

489 2834 929 2907 Memorabile
982 2840 1123 2925 est,
1208 2833 1380 2930 quod
1446 2835 1671 2906 statim
1722 2834 2056 2929 sequitur,
2129 2835 2313 2906 laesa
2363 2837 2516 2933 lege

286 2935 479 3007 metri
540 2936 613 3008 in
678 2936 975 3007 omnibus
1039 2935 1227 3006 libris
1294 2935 1614 3031 scriptum
1681 2933 2058 3018 νωδυνίας
2106 2936 2512 3036 γυιαρκέος.

284 3036 370 3108 Id
448 3037 574 3109 etsi
654 3061 694 3108 a
764 3036 1016 3108 criticis
1080 3036 1396 3108 facillima
1460 3036 1915 3109 emendatione
1981 3038 2050 3109 in
2129 3035 2516 3113 νωδυνιᾶν

283 3136 698 3238 γυιαρκέων
747 3146 1063 3209 mutatum
1117 3146 1255 3227 est,
1309 3146 1565 3229 tamen,
1623 3139 1683 3209 si
1737 3137 1894 3234 quid
1941 3139 2356 3211 tribuendum
2406 3149 2511 3213 est

282 3241 387 3311 illi
451 3241 522 3311 in
575 3240 998 3312 observandis
1064 3239 1492 3310 incisionibus
1546 3239 1955 3311 constantiae
1968 3291 1992 3331 ,
2075 3240 2260 3312 cuius
2313 3241 2507 3314 modo

280 3343 351 3413 in
401 3343 599 3413 tertio
653 3343 937 3413 carmine
990 3338 1308 3411 Isthmico
1362 3341 1665 3438 exempla
1715 3341 1918 3411 allata
1969 3349 2160 3432 sunt,
2223 3342 2507 3413 afferen-

280 3455 516 3540 turque
566 3443 739 3514 infra
789 3444 921 3513 alia
972 3443 1168 3514 ctiam
1218 3441 1610 3538 insigniora,
1680 3467 1812 3514 non
1865 3448 2111 3513 temere
2163 3443 2242 3513 ab
2294 3443 2507 3516 libro-

280 3570 419 3617 rum
489 3545 818 3642 scriptura
880 3542 1310 3615 recedendum
1384 3542 1667 3614 videtur.
1798 3543 1975 3635 Quid
2039 3544 2291 3636 dicam,
2355 3544 2504 3642 ipsa

280 3647 667 3720 monstrabit
719 3646 1121 3743 comparatio
1174 3669 1503 3717 versuum.
1608 3642 1784 3717 Sunt
1833 3652 2049 3717 autem
2097 3645 2206 3716 hi.

377 3827 449 3873 α.
520 3796 828 3873 τέκτονα
856 3794 1296 3879 νωδυνίας*
1262 3794 1541 3892 άμερον
1567 3823 1954 3898 γυιαρκεος
1996 3793 2016 3923 Ι
2042 3792 2495 3925 Ἀσκληπιῇν.

528 3896 1008 3997 ἀμπλακίαισι
1029 3906 1328 3998 φρενῶν
1354 3898 1578 3972 ἄλλον
1595 3901 1898 4073 ξείνησεν
1915 3895 2165 4026 γάμον
2206 3898 2219 3999 Ι
2260 3894 2497 3998 κρύβ-

1577 4029 1604 4071 c
1628 4026 1726 4074 αν
1774 3994 2070 4093 πατρός.

371 4103 447 4200 β.
521 4097 768 4178 πάντα
815 4104 1063 4180 ἴσαντι
1109 4107 1300 4200 νόῳ·
1352 4099 1694 4200 ψευδέων
1740 4098 1814 4174 δ’
1874 4100 2009 4195 οὔχ
2061 4098 2384 4175 ἅπτεται·
2428 4099 2445 4202 Ι

1580 4201 1858 4277 κλέπτει
1904 4201 1991 4275 τέ
2029 4226 2175 4277 νιν.

521 4303 833 4379 πολλοὶ’
799 4312 1149 4404 επαῦρον,
1201 4304 1358 4401 ἁμᾶ
1389 4303 1463 4380 δ’
1501 4305 1858 4403 ἔφθαρεν·
1914 4302 2193 4378 πολλὰν
2221 4300 2360 4377 δ”
2333 4302 2484 4402 όρει

1622 4408 1635 4506 Ι
1690 4413 1839 4503 πῦρ
1890 4408 1969 4490 ἐξ
2009 4401 2195 4487 ἑνός.
