3192 4992
1205 320 1393 383 PARS
1432 323 1868 390 mammon.
2054 347 2060 360 ⁸
2521 329 2646 398 311

622 486 695 559 οἳ
738 482 813 558 δ’
869 484 950 569 ἐξ
980 483 1377 587 Ὀρτυγίης
1433 486 1818 584 Τιτηνίδος
1863 487 2315 587 ὁρμηθέντες

621 641 642 660 .
746 640 766 660 .
871 641 889 661 .
912 658 929 667 ,
995 605 1033 661 .’
1118 643 1139 662 .
1245 644 1264 662 .
1369 640 1391 663 .
1492 588 1960 686 ὅμοτέρμονα
2008 600 2240 688 νῆσον

588 685 945 782 Σκύλῃ,
996 686 1184 764 ὅθεν
1217 687 1616 814 Ὀρτυγίαιι
1654 698 1888 768 πᾶσαι
1934 695 2337 791 βοοῶνται,

383 831 889 952 Antiquissima
931 852 1254 954 Ortygiae
1305 858 1617 930 memoria
1670 857 1771 930 est
1823 860 1996 956 apud
2023 860 2408 956 Homerum,
2464 867 2635 963 apud

384 978 599 1056 quem
652 953 988 1070 Eumaeus
1042 954 1289 1053 odyss.
1341 957 1518 1031 XV.
1569 962 1749 1035 403.
1800 961 1966 1035 haee
2016 963 2222 1035 dicit:

604 1118 833 1219 νῆσός
878 1150 989 1206 τις
1037 1123 1285 1220 Συρίη
1333 1122 1826 1222 κεκλήσκεται,
1874 1131 1943 1200 εἴ
1987 1156 2133 1202 που
2184 1126 2495 1220 ἀκούεις,
2553 1183 2558 1188 -

596 1223 988 1326 Ὀρτυγίης
1035 1223 1550 1323 καθύπερθεν,
1605 1226 1739 1300 ὅθι
1786 1229 2054 1322 τροπαὶ
2091 1229 2396 1326 ἠελίοιο,

607 1326 771 1398 οὔτι
817 1325 1270 1423 περιπληθὴς
1319 1329 1482 1424 λίην
1529 1324 1781 1419 τόσον,
1836 1330 1996 1404 ἀλλ’
2054 1332 2313 1432 ἀγαθὴ
2362 1334 2527 1429 μέν,

607 1427 937 1523 εὔβοτος,
989 1430 1324 1524 εὔμηλος,
1378 1427 1850 1527 οἰνοπληθής,
1902 1429 2356 1530 πολύπυρος·

605 1527 815 1625 πείνη
867 1528 942 1603 δ’
1001 1529 1265 1604 οὔποτε
1315 1529 1562 1626 δῆμον
1611 1531 1989 1629 ἐςέρχεται,
2043 1533 2224 1608 οὐδέ
2266 1564 2380 1619 τις
2426 1538 2608 1634 ἄλλη

603 1636 893 1712 νοῦσος,
918 1632 1032 1704 ἔπι
1085 1631 1398 1732 στυγερὴ
1448 1633 1735 1707 πέλεται
1787 1633 2088 1708 δειλοῖσι
2134 1638 2523 1734 βροτοῖσιν
2537 1666 2555 1683 ·

600 1728 761 1803 ἄλλ’
821 1731 940 1805 ὅτε
986 1732 1412 1833 γηράσκωσι
1461 1731 1678 1808 πόλιν
1707 1732 1898 1808 κάτα
1936 1737 2115 1832 φῦλ’
2157 1736 2723 1832 ἀνθρώπων,15

600 1831 852 1907 ἐλθών
901 1831 1392 1934 ἀργυρότοξος
1426 1832 1805 1910 Ἀπόλλων
1837 1837 2207 1936 Ἀρτέμιδι
2259 1840 2418 1928 ξύν,

598 1932 709 2017 οἷς
756 1934 1063 2037 ἀγανοῖς
1108 1935 1482 2035 βελέεσσιν
1529 1935 1998 2035 ἐποιχόμενος
2044 1940 2519 2041 κατέπεφνεν,

354 2102 588 2193 ‘Quod
651 2104 981 2200 prolatum
1038 2105 1349 2197 vidimus,
1428 2105 1710 2203 τροπὰς
1756 2104 2023 2202 ἠελίοιο
2068 2103 2388 2201 ‚solarium
2440 2136 2617 2203 esse,

366 2205 565 2300 quod
614 2205 1034 2301 Pherecydes
1075 2207 1154 2283 ‚iu
1195 2208 1454 2302 Aegaei
1504 2209 1705 2279 maris
1756 2209 1974 2280 insula
2006 2206 2179 2303 Syra
2230 2212 2617 2284 constituis-

370 2316 531 2397 set,
603 2308 931 2403 verbaque
997 2306 1127 2379 ista
1179 2308 1691 2382 additamentum
1741 2334 1889 2382 esse
1942 2305 2224 2382 alicuius
2271 2312 2619 2407 rhapsodi,

362 2407 740 2479 iudicatum
771 2418 875 2479 est
907 2407 1601 2482 inconsideratissime.
1701 2408 1915 2482 Recte
1961 2410 2094 2481 iam
2124 2409 2211 2482 F.
2246 2413 2336 2482 A.
2368 2410 2615 2485 Scble-

371 2508 604 2605 gelius
665 2509 736 2580 in
796 2533 881 2581 ea
930 2531 1121 2604 qnam
1174 2510 1256 2582 de
1308 2510 1719 2607 geographia
1770 2510 2043 2582 Homeri
2106 2513 2379 2609 scripsit
2428 2513 2612 2588 co'm-

366 2611 785 2682 mentatione
849 2635 921 2706 p.
974 2613 1099 2685 62.
1152 2635 1341 2707 seqq.
1393 2611 1858 2703 intellexerat,
1938 2611 2141 2708 longe
2193 2613 2490 2690 dissitam
2542 2625 2614 2690 et

364 2712 614 2808 paucis
664 2712 1032 2784 hominibus
1082 2713 1413 2808 cognitam
1444 2713 1787 2807 regionem
1838 2713 1920 2784 ab
1955 2712 2256 2787 Eumaeo
2295 2715 2606 2790 describi.

367 2813 569 2905 Quae
617 2811 995 2886 Homericis
1042 2814 1438 2903 carminibus
1488 2814 1779 2886 insertae
1844 2823 1996 2908 sunt
2049 2823 2445 2890 remotarum
2492 2843 2607 2890 re-
2661 2829 2670 2840 ²

367 2916 647 3011 gionum
699 2916 1348 2989 commemorationes
1401 2939 1597 3011 quum
1650 2940 1738 2987 ex
1789 2915 2069 2988 diversis
2118 2926 2428 3016 acceptae
2469 2920 2605 2996 sint
2687 2939 2690 2942 ·

364 3017 953 3113 peregrinantium·
987 3017 1497 3108 narrationibus,
1549 3041 1682 3088 non
1733 3016 2099 3094 mirandum
2137 3026 2339 3110 esset,
2391 3019 2452 3090 si
2486 3044 2606 3094 ea·-

362 3118 524 3191 dem
576 3119 729 3191 loca
779 3117 1058 3194 diversis
1107 3119 1473 3194 nominibus
1524 3118 2040 3214 appellarentur,
2093 3126 2194 3209 ut,
2245 3143 2410 3214 quae
2440 3121 2601 3193 alibi

288 3252 294 3258 ·
362 3220 551 3318 apud
580 3218 942 3293 Homerum
971 3218 1338 3303 Thrinaeia
1386 3227 1514 3310 est,
1564 3220 1636 3290 in
1688 3243 1815 3315 qua
1866 3242 2107 3314 greges
2158 3220 2323 3294 solis
2360 3244 2599 3316 pasce-

363 3322 651 3413 bantur,
717 3322 830 3394 hie
879 3318 1078 3416 Syria
1127 3320 1352 3402 vocari
1398 3320 1731 3416 potuerit,
1804 3320 1912 3391 cui
1977 3327 2044 3391 et
2108 3319 2377 3416 τροπαὶ
2425 3323 2595 3396 istae

360 3419 637 3518 ἠελίοιο
688 3422 1119 3513 conveniunt,
1171 3446 1297 3494 nec
1343 3446 1476 3494 non
1527 3430 1751 3518 aptum
1801 3428 1905 3493 est
1952 3445 2190 3494 nomen
2241 3418 2590 3519 Ortygiae,

362 3547 576 3622 supra
640 3546 831 3620 quam
896 3522 1090 3598 sitam
1151 3547 1298 3620 esse
1349 3520 1615 3618 Syriam
1676 3531 1877 3619 poeta
1940 3522 2128 3594 dicit.
2242 3521 2413 3596 Nam
2464 3528 2593 3599 etsi

319 3616 326 3624 ’
361 3625 534 3699 satis
598 3625 798 3720 longe
863 3647 904 3694 a
967 3625 1226 3721 tropico
1290 3625 1514 3700 cancri
1564 3623 1818 3697 circulo
1866 3630 2120 3696 remota
2171 3631 2275 3696 est
2322 3623 2588 3721 Sicilia,

350 3736 588 3801 tamen
638 3727 785 3823 quis
834 3750 968 3798 non
1018 3725 1275 3817 videat,
1341 3734 1644 3823 poetam,
1710 3724 1960 3820 ignotis
2024 3733 2163 3797 tum
2214 3749 2379 3823 quae
2437 3752 2586 3802 vere

362 3830 663 3926 tropicae
712 3828 1022 3924 regiones
1072 3836 1248 3918 sunt,
1301 3852 1433 3900 non
1482 3828 1782 3925 potuisse
1829 3827 1961 3898 nisi
2012 3827 2279 3922 opinata
2329 3828 2587 3903 descri-

362 3931 522 4004 bere
538 3924 578 4003 Ρ
640 3938 756 4002 aut
806 3931 952 4026 quis
981 3954 1116 4002 non
1153 3930 1509 4025 intelligat,
1559 3929 1867 4019 insulam,
1923 3951 2088 4023 quae
2131 3928 2214 3999 ad
2249 3931 2583 4004 meridiem

363 4033 496 4105 sita
543 4033 866 4128 simulque
913 4031 1321 4104 fertilissima
1369 4055 1519 4103 esse
1566 4029 2050 4127 perhiberetur,
2101 4031 2437 4127 aptissime
2484 4034 2581 4106 ita

351 4133 722 4231 designari,
764 4141 840 4206 ut
864 4132 1158 4207 calefieri
1187 4133 1448 4229 quidem
1474 4132 1918 4223 vehementer,
1960 4154 2084 4206 nec
2113 4138 2328 4205 tamen
2357 4134 2574 4226 exuri,

364 4237 606 4333 quippe
665 4243 1036 4309 revertente
1099 4235 1195 4306 ibi
1256 4236 1444 4324 sole,
1516 4225 1899 4306 diceretur?
2015 4231 2295 4306 Minime
2357 4239 2573 4308 tamen

362 4335 489 4411 hec
528 4346 870 4435 pro-certo
912 4336 1272 4436 posuerim.
1368 4335 1540 4412 Nam
1567 4330 1767 4412 etiam
1792 4332 2100 4429 Pontias,
2147 4332 2568 4431 Palmariam,
