3192 4992
1398 1384 1538 1446 nn
2581 1369 2641 1453 ’3

416 1553 1331 1746 AESCHYLI
1462 1554 2394 1669 AETNAEIS.
2463 1558 2542 1695 ι)

362 1945 511 2053 Ex
560 1979 771 2053 nihilo
834 1979 1086 2077 aliquid
1150 2004 1377 2054 creare
1444 1981 1551 2054 dei
1611 1988 1717 2055 est
1766 1989 1834 2056 et
1885 1982 2309 2080 quorumdam
2360 1981 2599 2055 docto-

361 2107 538 2155 rum.
659 2082 955 2173 Quorum
1016 2082 1231 2154 laudis
1298 2108 1424 2180 ego
1488 2108 1622 2156 non
1688 2085 2021 2177 aemulus,
2103 2085 2162 2156 si
2213 2083 2596 2181 aliquid‘de

362 2209 500 2257 non
550 2184 760 2256 nihilo
813 2185 1034 2257 facere
1087 2208 1430 2280 nequeam,
1485 2194 1668 2257 certe
1717 2185 1992 2258 nibilum
2045 2187 2327 2258 effecero
2375 2194 2447 2256 nt
2480 2185 2598 2257 fiat

364 2310 456 2362 ex
509 2259 759 2382 aliquo.
863 2282 1305 2358 Occasionem
1369 2286 1551 2358 dabit
1599 2309 1731 2358 nna
1780 2310 1869 2359 ex
1919 2285 2278 2383 deperditis
2327 2296 2604 2381 tragoe-

364 2388 501 2459 diis
531 2386 875 2481 Aeschyli.
977 2385 1111 2477 Qui
1158 2387 1443 2458 indicem
1492 2379 1757 2459 illarum
1788 2387 1950 2460 fecit
1990 2387 2380 2478 fabularum,
2436 2387 2601 2460 baec

364 2488 637 2563 nomina
664 2488 927 2586 posuit:
976 2491 1321 2562 Αἲτναῖοι
1347 2482 1676 2607 γνήσιοι·
1724 2492 2068 2563 Αὶτναῖοι
2098 2484 2344 2563 νόθοι.
2412 2486 2602 2586 Sup-

366 2591 632 2688 positae
684 2590 935 2661 nullum
989 2590 1148 2660 alibi
1204 2590 1588 2685 vestigium,
1661 2614 1786 2663 nec
1853 2590 2085 2663 crebra
2132 2589 2377 2661 mentio
2428 2590 2602 2661 alte·-

367 2694 544 2784 rius,
609 2699 685 2763 ut
733 2691 955 2768 etiam,
983 2689 1065 2761 de
1114 2691 1376 2762 nomine
1426 2690 1627 2763 fuerit
1679 2691 2067 2764 dubitatum.
2185 2691 2386 2788 Apud
2438 2688 2604 2763 Ste-

367 2793 660 2920 phanum
706 2790 1099 2889 Byzantium
1125 2789 1220 2864 -in
1264 2789 1556 2887 Παλικὴ
1607 2793 1676 2865 ἰιι
1726 2792 2069 2889 impressis
2117 2792 2306 2864 libris
2357 2792 2605 2890 legitur

368 2889 744 2989 ,Αἰσχύλος
791 2895 873 2967 ἐν
906 2891 1311 2981 Αἲτναίοις,
1365 2893 1480 2965 sed
1532 2918 1726 2967 manu
1779 2895 2011 2991 scripti
2043 2893 2397 2967 Holstenio
2433 2902 2605 2968 teste

371 2998 458 3074 ἐν
488 2998 823 3083 Αἴτναις,
875 2995 1072 3068 sicuti
1122 2995 1193 3067 in
1245 2995 1518 3068 scholiis
1563 2994 1647 3066 ad
1687 2994 1890 3067 Iliad.
1929 2992 2146 3066 XVI.
2193 2997 2365 3070 183.
2408 2996 2607 3070 etiam

369 3096 794 3172 Victorianis
847 3096 1021 3193 apud
1068 3094 1396 3190 Hcynium
1448 3095 1546 3168 T.
1596 3093 1772 3170 VH.
1824 3121 1894 3195 p.
1948 3098 2126 3171 784.
2165 3097 2450 3167 Aetnam
2500 3096 2610 3169 in-

375 3199 583 3282 scribi
632 3198 1043 3295 tragoediam
1094 3197 1190 3269 ait
1237 3195 1624 3272 Macrobius
1675 3195 1828 3270 Sat.
1880 3196 1978 3269 V.
2036 3198 2155 3272 19.
2222 3204 2447 3323 atque
2467 3200 2610 3270 Al-

378 3295 649 3397 σχύλος
693 3302 940 3396 Αἲτνᾳ
988 3298 1419 3372 exhibebatur
1482 3298 1655 3396 apud
1701 3298 2104 3397 Hesycbinm
2171 3298 2239 3370 in
2288 3292 2615 3394 κρείττο-

377 3430 521 3486 νας
533 3457 560 3496 ,
623 3402 738 3474 ubi
801 3402 1015 3476 codex
1062 3396 1425 3482 Αἲτναίας
1487 3402 1816 3498 praebuit.
1936 3399 2138 3499 Apud
2187 3398 2296 3473 Io.
2345 3397 2611 3497 Lydum

383 3517 605 3578 autem
654 3504 724 3575 in
774 3502 1161 3599 fragmentis
1211 3528 1280 3630 p.
1333 3504 1510 3577 274.
1562 3502 1671 3575 ed.
1723 3501 1960 3595 Hasii,
2016 3504 2316 3600 p.116,
2368 3503 2447 3580 6.
2499 3499 2610 3578 ed.

382 3604 727 3696 Bekkeri,
792 3600 1160 3699 Αἰσχύλος
1208 3606 1291 3679 ἐν
1340 3606 1623 3700 Αἴτνῃε
1692 3604 1903 3678 codex
1954 3631 2144 3701 ετνη.
2260 3605 2616 3680 Αἲτναῖαι

385 3732 547 3781 vero
598 3705 858 3780 fabulae
909 3730 1146 3780 nomen
1197 3713 1302 3778 est
1351 3706 1524 3803 apud
1567 3705 2033 3801 Hesycbinm
2011 3731 2082 3778 ιιι
2123 3700 2355 3801 αἱμοί,
2406 3714 2615 3798 et‚sl

387 3817 570 3886 recte
602 3807 1029 3882 emendarunt
1062 3808 1303 3899 critici,
1354 3807 1423 3882 iu
1461 3804 1803 3896 ἀναξίαν,
1846 3807 1960 3879 ubi
1987 3806 2200 3881 codex
2232 3804 2613 3890 λιανοίαις.

388 3910 596 3984 Vitae
662 3908 977 4004 Aeschyli
1044 3910 1368 4006 scriptor.
1450 3907 1703 3983 ἐλθὼν
1771 3906 2035 3983 τοίνυν
2097 3910 2198 3991 εἰς
2260 3906 2617 3984 Σικελίαν

379 4010 704 4108 Ιέρωνος
770 4005 936 4085 τότε
1009 4007 1149 4105 τὴν
1215 4012 1500 4107 Αἴτνην
1565 4007 1944 4102 κτίζοντος
2005 4006 2417 4094 ἐπεδείξατο
2483 4006 2618 4094 τὰς

392 4109 791 4203 Αἰτναίαις,
861 4114 1216 4187 ἐντεῦθεν
1282 4106 1800 4209 οἰωνιζόμενος
1859 4109 2038 4211 βίον
2098 4110 2404 4214 ἀγαθὸν
2465 4113 2620 4198 τοῖς

568 4399 629 4484 ¹)
669 4400 829 4464 Edita
867 4413 950 4463 ..ι
990 4425 1041 4463 2.
1087 4402 1272 4465 1s37.
