3192 4992
665 396 792 465 278
1362 397 1463 457 DE
1506 394 1806 457 GRAECA
1849 393 2213 456 mmmm.

665 563 1025 654 κτυνναν,
1075 558 1660 659 Λακεδαιμόνιοι
1679 558 1779 636 ’δὲ
1821 554 2085 637 Οὗπιν.
2183 556 2444 633 Vocari
2476 558 2589 632 hic
2617 558 2889 657 Gorgo·
2953 633 2962 640 ,

668 693 816 740 nem
832 720 855 759 ‚
923 691 1057 739 non
1105 690 1253 739 esse
1303 674 1609 738 testatur.
1711 663 2073 735 Audiamus
2134 661 2341 760 igitur
2388 659 2618 736 alium.⁴
2717 662 2890 736 Pro-

670 770 932 843 ducitur
962 767 1349 865 EuripideS,
1402 768 1588 839 cuius
1638 766 1710 837 in
1742 764 2006 842 Helena
2047 789 2114 837 v.
2148 766 2371 840 1331.
2415 763 2730 862 scriptum
2764 766 2888 839 sit:

924 919 974 995 ἃ
1021 915 1164 1017 μὲν
1213 914 1448 1003 τόξοις
1478 918 1839 1015 Ἄρτεμις,
1890 914 1940 989 ἃ
1991 913 2066 990 δ’

924 1024 1008 1096 ἐν
1058 1022 1251 1122 ἔγχει
1300 1017 1565 1122 Γοργὼ
1617 1015 2010 1103 πάνοπλος.

672 1174 826 1266 Hac
874 1174 1202 1269 scriptura
1251 1180 1488 1264 metro,
1543 1170 1658 1243 sed
1709 1194 1940 1268 parum
1991 1174 2323 1260 accurate,
2374 1165 2701 1241 Matthiae
2731 1191 2896 1266 pro-

674 1275 938 1374 spexit,
1004 1277 1088 1348 ἐν
1134 1275 1462 1371 particula
1512 1273 1795 1370 adiecta.
1910 1271 2007 1343 At
2070 1269 2318 1366 corrigi
2377 1268 2451 1340 id
2511 1270 2614 1342 sic
2677 1270 2894 1368 potius

676 1377 991 1449 debebat:
1064 1373 1112 1449 ἃ
1178 1372 1251 1450 δ’
1325 1376 1516 1476 ἔγχει
1579 1367 1953 1474 Γοργώπα
2015 1365 2406 1452 πάνοπλος.
2534 1370 2673 1445 Ηίο
2736 1396 2894 1470 ergo

642 1467 869 1550 'testis
919 1477 1085 1549 nihil
1134 1474 1330 1574 plane
1380 1477 1641 1574 probat.
1742 1472 2019 1546 Iubetur
2069 1497 2224 1545 vero
2272 1473 2511 1545 iterum
2562 1472 2760 1545 edere
2781 1482 2899 1554 te,-

676 1580 1049 1753 sfinzpnium
1096 1603 1197 1756 Z}
1240 1579 1607 1676 fragmento
1642 1575 2034 1684 Erechthei,
2086 1574 2261 1672 quod
2310 1572 2486 1672 apud
2514 1572 2898 1673 Lycurgum

677 1704 799 1754 exs
869 1690 923 1775 t,
976 1705 1045 1752 v-
1201 1730 1223 1751 .
2393 1713 2398 1718 ·

932 1829 1096 1906 οὐδ’
1159 1829 1323 1906 ἀντ’
1382 1827 1630 1913 ἐλαίας
1670 1825 1993 1924 χρυσέας
2037 1853 2117 1901 τε
2166 1819 2543 1928 Γοργόνος

928 1931 1276 2028 τρίαιναν
1325 1927 1572 2027 ὀρθὴν
1624 1938 1912 2005 στᾶσαν
1959 1931 2041 2003 ἐν
2090 1923 2366 2012 πόλεως
2411 1924 2741 2030 βάθροις

930 2034 1346 2130 Εὔμολπος,
1398 2030 1572 2108 οὐδὲ
1630 2035 1832 2129 Θρᾷξ
1878 2028 2277 2128 ἇναοτέψει
2326 2027 2504 2114 λεώς

931 2131 1388 2235 στεφάνοισι,
1440 2131 1748 2217 Παλλὰς
1798 2131 1873 2208 δ’
1931 2129 2273 2230 οὐδαμοῦ
2317 2125 2717 2228 τιμήσεται.

680 2297 777 2376 At
826 2303 1245 2401 subsequitur
1294 2302 1651 2394 confessio,
1701 2300 2113 2374 Riickertnm
2161 2301 2230 2372 in
2278 2300 2401 2374 illo
2454 2300 2567 2398 qui
2607 2298 2688 2372 de
2721 2300 2904 2375 cultu

681 2404 1029 2477 Minervae
1082 2414 1185 2478 est
1233 2404 1405 2477 libro
1475 2430 1545 2502 p.
1599 2406 1726 2480 68.
1780 2427 2039 2476 auream
2089 2403 2286 2476 istam
2335 2400 2723 2499 Gorgonem
2771 2428 2904 2476 non

682 2505 1055 2582 Minervam
1072 2558 1096 2598 ,
1148 2506 1264 2578 sed
1318 2515 1514 2603 caput
1564 2503 1908 2602 Gorgonis
1958 2505 2325 2576 inauratum
2371 2504 2442 2576 in
2494 2528 2679 2577 muro
2732 2505 2905 2578 arcis

682 2608 1184 2702 intelligendum
1236 2605 1592 2698 monuisse,
1647 2605 1729 2677 de
1776 2631 1906 2703 quo
1932 2605 2298 2678 Pausanias
2348 2604 2414 2678 I.
2467 2608 2594 2698 21,
2647 2608 2722 2681 3.
2789 2604 2906 2680 ἐπὶ

684 2706 769 2782 δὲ
818 2714 955 2780 τοῦ
1004 2703 1258 2780 νοτίου
1306 2705 1770 2799 καλουμένου
1818 2704 2127 2816 τείχους,
2178 2705 2220 2780 ὃ
2268 2712 2397 2803 τῆς
2446 2703 2906 2806 ἀκροπόλεως
3017 2763 3024 2770 -

685 2809 758 2889 ἐς
806 2805 892 2880 τὸ
940 2802 1272 2901 θέατρόν
1320 2808 1473 2879 ἐστι
1518 2805 2026 2902 τετραμμένον
2036 2861 2063 2896 ,
2113 2805 2231 2882 ἐπὶ
2263 2803 2548 2885 ’τούτου
2595 2805 2908 2884 Μεδού-

568 2968 573 2974 ,
686 2931 819 3004 σης
878 2914 1007 3005 τῆς
1068 2902 1441 3009 Γοργόνος
1505 2907 1896 3006 ἐπίχρυσος
1956 2905 2335 2985 ἀνάκειται
2392 2906 2713 3008 κεφαλή,
2782 2906 2908 2986 καὶ

686 3007 851 3112 περὶ
916 3007 1152 3114 αὐτὴν
1203 3007 1395 3111 αἰγὶς
1441 3009 1847 3105 πεποίηται.
1878 3010 1990 3111 ¹⁰)
2100 3009 2391 3085 Rursum
2461 3036 2548 3085 ex
2611 3013 2905 3085 manibus

689 3114 917 3210 elapsa
968 3119 1070 3183 est
1119 3110 1429 3183 Minerva
1469 3110 1732 3208 Gorgo.
1834 3111 1929 3185 At
1978 3122 2279 3210 quartum
2329 3113 2664 3213 profertur
2711 3114 2908 3187 testi-

686 3214 999 3307 monium,
1050 3210 1299 3310 Nomi,
1349 3212 1634 3316 Dionys.
1685 3212 1908 3330 25111.
1958 3216 2136 3295 516.

2002 3365 2080 3444 οἳ
2120 3392 2198 3440 τε
2247 3363 2632 3456 Κελαινὰς,

934 3460 1455 3567 χρυσορόφους
1486 3465 1848 3582 ’ἐνέμοντο
1897 3464 2024 3543 καὶ
2071 3463 2457 3569 ἱλαστήρια
2504 3472 2857 3570 Γοργοῦς.

692 3615 817 3692 Sic
865 3617 1302 3698 scribendum.
1403 3616 1585 3701 Sane
1635 3619 1785 3714 hic,
1857 3618 1917 3696 si
1964 3618 2132 3697 iram
2180 3619 2527 3698 Minervae
2579 3621 2663 3694 ol)
2715 3620 2906 3694 tibias

866 3920 957 4005 ¹⁰)
1013 3925 1139 3984 Non
1179 3944 1335 4003 posse
1386 3924 1515 4006 illud
1565 3928 1623 3983 in
1666 3945 1812 3988 muro
1865 3933 2021 4004 caput
2066 3929 2123 3985 in
2162 3926 2429 4004 Euripidis
2477 3945 2635 3986 versu
2673 3927 2907 4005 intelligi,

695 4007 789 4068 sed
830 4018 1061 4085 spectare
1102 4030 1220 4068 eum
1273 4012 1453 4067 debere
1509 4009 1577 4067 ad
1619 4009 1824 4087 aliquod
1866 4012 2197 4070 simulacrum
2239 4012 2542 4084 Minervae,
2606 4031 2739 4089 quae
2779 4013 2906 4070 Gor·

694 4113 860 4174 goneo
904 4105 1083 4154 ornata
1125 4096 1303 4173 Gorgo
1346 4093 1560 4165 dicatur,
1604 4098 1870 4156 existimat
1911 4097 2171 4164 Miillerus
2212 4101 2268 4156 in
2301 4097 2513 4169 Encyol.
2555 4116 2607 4173 p.
2650 4095 2755 4156 91.
2798 4104 2903 4157 not.

698 4178 799 4248 13.
854 4197 898 4236 ci
909 4178 1004 4240 edo
1039 4173 1253 4261 *propter
1293 4173 1641 4254 ἆναστέψει.
1724 4178 1799 4238 At
1841 4201 1945 4240 non
1987 4200 2199 4242 necesse
2250 4192 2331 4242 est
2381 4182 2481 4239 hoc
2519 4184 2733 4239 verbum
2776 4178 2907 4258 quod

695 4265 764 4324 ad
802 4259 1078 4343 τρίαιναν
1117 4269 1360 4342 pertinet,
1419 4268 1631 4341 proprie
1661 4265 1842 4324 referri
1887 4265 1953 4324 ad
1995 4264 2374 4346 antecedentia,
2415 4271 2655 4346 quoniam
2696 4265 2797 4323 hoc
2837 4264 2906 4322 di·

635 4422 638 4424 Α
694 4354 985 4490 citdpoeta,
1025 4368 1118 4435 pro
1164 4349 1304 4418 cultu
1343 4348 1614 4414 Minervae
1655 4369 1760 4414 uon
1801 4369 1920 4414 esse
1959 4350 2270 4434 Eumolpum
2311 4369 2529 4410 coronas
2567 4356 2905 4433 appensurum

696 4438 762 4496 tri
799 4438 921 4500 enti.
2407 4453 2420 4464 ²
