3192 4992
899 347 1491 409 EMENDATIONES
1534 348 2005 412 PINDABICAE.
2438 351 2569 418 169,

547 510 1054 613 Κασσάνδραν
1101 520 1336 611 πολιῷ
1379 520 1636 612 χαλκῷ
1687 512 1832 590 σὺν
1866 514 2438 646 Ἀγαμεμνονίᾳ.

549 620 1014 714 Παρνασσοῦ
1048 608 1248 691 πόδα
1272 614 1604 692 ναίοντ’·
1657 614 1845 691 ἀλλὰ
1869 615 2153 716 χρονίῳ
2178 616 2323 695 σὺν
2344 620 2561 718 Άρει.

346 766 466 860 At,
519 768 787 840 obiiciat
827 743 1107 865 aliquiS,
1159 768 1424 840 nomina
1463 765 1737 865 propria
1767 777 2058 866 poetam,
2111 784 2184 841 ut
2226 771 2396 844 hanc
2436 764 2660 845 sibil5

346 892 716 941 mensuram
763 871 1213 968 permitteret,
1268 877 1653 1023 coegerunt.
1756 869 1932 961 Quid
1984 897 2167 964 vero,
2220 881 2293 944 ut
2342 881 2566 945 utere-

348 978 458 1043 tur
519 972 623 1043 his
674 972 1081 1064 nominibuS,
1149 963 1484 1067 cogebat?
1595 969 1766 1043 Nam
1818 968 2253 1044 Cassandram
2307 974 2567 1070 quidem

348 1080 482 1144 tam
533 1073 716 1144 nulla
766 1082 907 1145 erat
957 1072 1335 1164 nominandi
1396 1074 1797 1165 necessitaS,
1865 1083 1959 1148 ut,
2001 1074 2343 1147 admodum
2407 1101 2569 1172 pro-

349 1173 520 1246 clive
572 1175 661 1247 sit
697 1175 1073 1293 suspicari,
1146 1155 1226 1246 ab
1277 1174 1639 1272 interprete
1691 1174 2088 1272 adscriptum
2154 1176 2283 1249 hoc
2332 1202 2570 1249 nomen

350 1276 521 1347 alius
572 1276 755 1348 vocis
822 1275 1253 1373 expellendae
1319 1299 1617 1348 caussam
1664 1273 1895 1348 fuisse.
2008 1276 2260 1350 Ponam
2313 1304 2433 1375 pro
2486 1304 2566 1351 eo

350 1377 532 1450 aliud
581 1378 991 1469 vocabulum,
1045 1401 1124 1450 ac
1159 1377 1319 1475 poni
1357 1386 1598 1475 potest
1624 1378 2058 1519 aptissimum,
2112 1388 2179 1451 et
2218 1404 2407 1453 nemo
2443 1406 2570 1453 no-

349 1503 502 1551 men
552 1477 965 1552 Cassandrae
1018 1478 1452 1551 desiderabit.

554 1640 772 1721 ὁπότε
820 1642 1264 1744 Δαρδανίδα
1315 1640 1552 1740 κόραν
1602 1641 1960 1745 Πριάμου

553 1743 988 1842 οἰκτρότατα
1037 1754 1267 1845 πολιοῦ
1309 1754 1564 1845 χαλκῷ
1617 1746 1761 1823 σὺν
1794 1746 2344 1876 Ἀγαμεμνονία

553 1857 764 1946 ψυχᾷ
813 1845 1114 1976 πόρευσ’
1160 1849 1585 1948 Ἀχέροντος
1634 1847 1874 1925 ἀκτὰν
1922 1850 2125 1948 παρ’·
2160 1851 2455 1926 εὔσκιον

550 1949 771 2047 νηλὴς
814 1945 1035 2052 γυνά.

350 2118 717 2200 Difficilius
756 2099 859 2193 est
887 2120 1165 2192 alterum
1202 2144 1437 2192 nomen
1479 2143 1842 2193 removere.
1945 2119 2088 2195 Sed
2117 2129 2333 2194 tamen
2369 2144 2573 2217 quae·-

352 2246 500 2293 rere
547 2220 818 2309 licebit,²
881 2246 1036 2313 eur,
1104 2245 1300 2316 quum
1352 2223 1457 2292 vel
1504 2221 1824 2294 Parnassi
1873 2247 2107 2296 nomen
2157 2224 2290 2295 alio
2343 2247 2572 2295 versus

264 2370 271 2376 -
350 2323 504 2396 loco
555 2332 736 2396 recte
785 2323 971 2418 poni,
1024 2324 1132 2393 vel
1180 2321 1430 2394 Phocis
1483 2331 1595 2394 aut
1625 2320 1879 2414 Crissa,
1934 2347 2125 2418 quam
2173 2324 2399 2395 urbem
2449 2325 2575 2395 ha-

354 2425 600 2496 bitasse
653 2424 865 2495 fertur
914 2421 1297 2519 Strophius,
1348 2423 1671 2495 nominari
1721 2424 2049 2519 potuerit,
2105 2428 2574 2520 Παρνασσοῦ

354 2520 552 2599 πόδα
604 2523 1013 2597 scribendum
1066 2524 1330 2596 duxerit
1378 2523 1734 2596 Pindarus.
1838 2524 2032 2616 Quod
2082 2526 2142 2597 si
2194 2526 2340 2621 quis
2368 2520 2576 2598 Κάσ-

357 2623 702 2724 σανδραν
764 2633 836 2698 ut
886 2650 972 2697 ex
1021 2626 1563 2722 interpretatione
1613 2627 1683 2697 in
1733 2633 1987 2698 textum
2040 2628 2296 2699 venisse
2348 2627 2575 2702 credat
2625 2665 2630 2674 ·

356 2728 753 2820 adducetur,
816 2727 1041 2822 quidni
1091 2727 1288 2799 etiam
1340 2729 1855 2823 Παρνασσοῦὲ
1954 2725 2117 2801 Scio
2169 2753 2273 2800 me
2324 2729 2572 2820 dicere,

358 2829 533 2927 quod
583 2830 696 2900 vix
749 2829 1063 2901 credibile
1114 2827 1437 2900 videatur.
1551 2828 1722 2901 Nam
1787 2823 1987 2902 πόδα
2050 2830 2288 2902 montis
2337 2855 2577 2903 nomen

357 2932 662 3027 requirit,
712 2956 834 3003 nec
865 2930 1196 3002 Parnasso
1249 2929 1429 3001 aliud
1481 2954 1674 3025 quam
1723 2930 1853 3003 hoc
1901 2931 2159 3027 ipsum
2164 2955 2400 3003 nomen
2444 2940 2575 3004 est.

360 3031 500 3107 Sed
552 3041 770 3105 tamen
821 3032 1052 3123 video,
1117 3030 1177 3102 si
1228 3032 1375 3128 quis
1426 3031 1739 3105 coniiciat
1789 3032 2138 3130 scripsisse
2187 3030 2572 3132 Pindarum,

561 3197 858 3301 Δελφὸν
924 3196 1072 3273 ὑπὸ
1134 3192 1332 3272 πόδα
1400 3195 1740 3373 ναίοντζί
1826 3194 2012 3272 ἀλλὰ
2083 3195 2364 3298 χρονίῳ
2434 3196 2578 3275 σὺν

1740 3327 1874 3398 ρει,

364 3477 541 3546 vere,
594 3454 711 3527 sed
761 3457 1021 3526 insueto
1071 3451 1266 3525 modo
1301 3450 1560 3528 ‘dictum
1611 3449 1908 3550 Δελφὸν
1954 3445 2153 3526 πόδα
2200 3452 2576 3525 necessario

365 3555 824 3653 explicandum
874 3555 1078 3626 fuisse
1129 3578 1251 3651 per
1279 3556 1766 3649 Παρνασσοῦ.
1869 3557 2089 3648 Quare
2139 3577 2223 3626 ne
2276 3554 2387 3627 hic
2429 3554 2578 3651 qui-

366 3660 512 3731 dem
561 3658 875 3729 librorum
927 3657 1335 3753 scripturam
1378 3680 1501 3752 pro
1553 3679 1711 3727 vera
1767 3654 2126 3728 habendam
2183 3679 2578 3728 asseverem.

297 3795 304 3806 =
364 3759 473 3833 Eo
523 3759 734 3856 magis
789 3783 941 3831 vero
991 3758 1109 3829 ille
1160 3781 1413 3849 versus,
1467 3780 1507 3828 a
1557 3782 1685 3852 quo
1736 3757 2073 3855 profectus
2123 3782 2292 3850 sum,
2344 3781 2580 3855 suspe-

368 3870 512 3934 ctus
565 3885 712 3933 esse
766 3860 981 3951 debet,
1041 3860 1109 3931 in
1161 3883 1288 3954 quo
1339 3883 1464 3931 nec
1512 3883 1748 3931 nomen
1800 3858 2136 3956 proprium
2186 3859 2580 3956 impediebat

368 3989 497 4061 qno
546 3964 760 4035 minus
812 3963 1038 4034 breves
1090 3961 1377 4056 syllabae
1426 3968 1852 4057 ponerentur,
1906 3968 1974 4034 et
2006 3959 2265 4032 dicendi
2298 3965 2580 4034 co‘nsne-

368 4065 526 4138 tudo
577 4063 1100 4160 scholiastaeque
1151 4061 1508 4158 explicatio
1559 4059 1645 4134 τὸ
1696 4059 1780 4136 δὲ
1832 4071 2208 4158 corruptum
2271 4087 2421 4162 esse
2467 4085 2580 4133 ar-

369 4174 602 4265 guunt.
704 4165 872 4258 Quis
922 4166 1095 4238 enim
1142 4189 1275 4237 non
1324 4164 1546 4238 statim
1593 4165 1668 4235 in
1713 4166 1844 4237 hoc
1889 4163 2175 4237 incidatz

572 4310 871 4413 ἐννύχια
922 4312 1263 4419 πάραγον
1307 4309 1722 4413 κοιμήμαθ’
1750 4342 1775 4416 ᾗ
1836 4313 1876 4389 ὃ
1924 4312 2121 4399 νέαις
2168 4306 2477 4408 ἀλόχοις.
