3192 4992
629 339 754 421 158
1170 338 1759 404 EMENDATIONES
1802 337 2156 398 PINDARIC
2159 338 2276 397 ΑΕ.

626 510 820 595 rium,
870 507 977 579 cni
1025 504 1439 603 Olympiadis
1469 501 1803 576 LXXII.
1853 528 1919 576 a.
1953 508 2029 578 2.
2127 431 2524 601 Aeginetae,
2581 513 2652 575 nt
2687 527 2843 576 cae-

627 609 756 684 teri
802 608 1125 699 insulani,
1198 615 1367 679 teste
1416 605 1764 679 Herodoto
1816 604 1950 679 VI.
2001 607 2130 681 49.
2196 616 2439 678 terram
2490 613 2559 677 et
2610 629 2845 701 aquam

628 710 1021 786 obtulerant.
1120 707 1401 780 Darium
1451 706 2006 799 enimPindarns,
2059 715 2131 779 ut
2177 708 2249 780 in
2277 706 2509 779 Persis
2540 707 2846 802 Aeschy-

625 815 768 904 lus,
836 819 910 883 nt
957 811 1199 882 iustum
1262 817 1331 882 et
1381 832 1658 905 aequum
1706 832 1932 903 regem
1983 810 2375 906 opposuisse
2430 808 2688 881 videtur
2735 810 2845 880 in-
2882 857 2889 863 -

625 915 917 987 solenter
965 936 1039 984 se
1091 911 1388 983 efferenti
1434 910 1690 983 Xerxi.
1789 908 1911 982 Illi
1964 913 2259 984 volentes
2311 918 2650 983 cesserant
2700 910 2845 981 Ae-

625 1015 922 1112 ginetae.
973 1013 1235 1085 Xerxis
1286 1013 1721 1086 temeritatem
1771 1037 2027 1086 summa
2076 1014 2144 1085 vi
2195 1010 2631 1085 debellarunt.
2701 1011 2842 1085 Sed

628 1117 789 1189 satis
855 1115 937 1186 de
1002 1124 1298 1210 tempore
1348 1122 1864 1210 argumentoque
1929 1114 2262 1188 carminis.
2375 1111 2548 1184 Nam
2610 1137 2841 1185 novam

626 1218 814 1289 deam
859 1216 1262 1312 Hesychiam
1325 1215 1598 1313 eiusque
1661 1215 1882 1290 fanum
1949 1216 2400 1313 praetereunti
2461 1213 2660 1287 facile
2727 1239 2842 1286 ve-
2928 1226 2932 1229 ’

623 1320 736 1391 nia
784 1318 937 1389 erit.

826 1416 1263 1510 Memorabile
1311 1392 1471 1490 vero
1535 1417 1668 1490 hoc
1715 1440 1977 1491 carmen
2028 1423 2134 1490 est
2180 1425 2456 1514 propter
2506 1423 2717 1489 artem
2765 1440 2844 1489 ac

630 1520 1062 1616 diligentiam,
1114 1543 1244 1615 qna
1288 1543 1595 1592 numeros
1640 1519 2002 1591 elaboravit
2035 1527 2261 1615 poeta.
2361 1516 2447 1590 Id
2482 1543 2680 1614 quum
2715 1544 2845 1591 non

578 1623 808 1696 (iesset
858 1622 1305 1712 intellectum,
1376 1645 1560 1718 pene.
1609 1620 1680 1692 in
1729 1621 2174 1717 negligentiae
2226 1619 2473 1692 crimen
2521 1618 2846 1693 inciderat

633 1749 751 1819 per
796 1723 1145 1796 mendosos
1195 1745 1425 1794 versus
1476 1722 1818 1818 quosdam.
1930 1721 2029 1794 Et
2091 1722 2161 1794 in
2225 1722 2519 1819 strophis
2586 1721 2845 1818 quidem

628 1827 752 1898 hos
804 1849 1031 1898 versus
1083 1822 1489 1897 considerari
1536 1825 1772 1896 velim.

730 2003 801 2051 α.
868 1969 1346 2049 Πυθιόνικον
1386 1973 1430 2073 Ι
1444 1970 1674 2070 τιμὰν
1706 1972 2197 2102 Ἀριστομένει
2245 1971 2477 2048 δέκευ.

876 2075 1106 2173 ὕβριν
1154 2078 1236 2150 ἐν
1286 2076 1557 2174 ἄντλῳ,
1605 2074 1616 2178 Ι
1660 2073 1804 2151 τὰν
1855 2072 2027 2150 οὐδὲ
2064 2074 2532 2173 Πορφυρίων
2567 2071 2842 2171 μάθεν.

726 2179 806 2277 β.
877 2175 1109 2262 δόξαν
1158 2175 1288 2251 ἄπ’
1348 2175 1616 2272 ἀρχᾶς·
1665 2178 1677 2276 Ι
1735 2180 2063 2251 πολλοῖσι
2112 2174 2253 2273 μὲν
2302 2177 2447 2303 γὰρ
2500 2175 2843 2252 ἀείδεται.

877 2279 980 2377 μὴ
1008 2276 1225 2377 κόρος
1251 2277 1502 2354 ἐλθὼν
1545 2280 1557 2378 Ι
1599 2276 1839 2375 κνίσῃ·
1869 2276 1955 2353 τὸ
1986 2276 2129 2352 δ”
2098 2306 2180 2353 εν
2204 2276 2378 2352 ποσί
2393 2307 2522 2375 μοι
2543 2275 2840 2378 τράχον.

726 2410 802 2484 γ.
874 2384 954 2456 ἐκ
1002 2381 1341 2477 πατέρων
1389 2379 1599 2454 παισι
1650 2387 1880 2476 λῆμα·
1933 2379 2260 2475 θαέομαι
2309 2379 2558 2477 σαφές.

877 2481 1098 2558 ἀντία
1145 2479 1421 2581 πράξει·
1467 2485 1481 2581 Ι
1523 2477 1754 2579 μόνος
1801 2480 1947 2611 γ’ὂερ
2000 2510 2079 2556 εκ
2119 2487 2449 2556 Δαναῶν
2497 2489 2841 2575 στρατοῦ.

727 2584 797 2659 ὃ.
872 2585 1205 2665 ω’πασας·
1260 2587 1445 2656 οίκοι
1486 2586 1500 2680 Ι
1593 2581 1678 2655 δε
1685 2580 2082 2706 πρόσθεν
2114 2580 2488 2680 ἁρπαλέαν
2538 2580 2775 2658 δόσιν.

880 2685 1217 2779 ἄφθιτον
1265 2681 1507 2768 αἰτέω,
1552 2681 1567 2781 Ι
1609 2681 1987 2779 Ξέναρκες,
2037 2681 2419 2781 ὑμετέραις
2467 2680 2745 2781 τύχαις.

663 2831 670 2837 -
730 2815 784 2858 ε.
866 2780 1039 2858 οὐδε
1086 2778 1475 2876 μολόντων
1516 2784 1528 2883 Ι
1573 2781 1725 2882 πὰρ
1754 2782 2011 2881 ματερ’
2065 2783 2262 2882 ἀμφὶ
2300 2786 2525 2888 γελως
2549 2783 2842 2914 γλυκύς.

879 2883 1242 2982 κρέσσονα
1314 2879 1638 2959 πλούτου
1708 2883 1721 2986 Ι
1792 2883 2210 2984 μέριμναν·
2296 2915 2379 2963 εν
2458 2886 2532 2961 δ’
2621 2885 2844 2991 ὀλίγῳ
2938 2911 2947 2924 ’

1936 2987 2259 3085 βροτῶν.

629 3141 714 3214 Ιιι
764 3139 1060 3213 omnibns
1123 3146 1390 3234 praeter
1453 3161 1652 3210 unum
1716 3148 2022 3213 accurate
2089 3150 2351 3215 servata
2412 3150 2517 3215 est
2566 3142 2842 3215 incisio.

632 3241 967 3328 anacrusis
1029 3249 1287 3331 antem,
1343 3264 1512 3335 qua
1557 3241 1838 3312 alterum
1899 3243 2254 3315 membrum
2315 3244 2587 3341 incipit,
2660 3252 2846 3318 certo

631 3348 830 3440 longa
877 3343 950 3414 ιιι
1000 3350 1308 3442 quattuor
1357 3340 1687 3434 versibus,
1741 3342 2006 3414 dubia
1984 3369 2054 3416 ιιι
2106 3352 2414 3439 quattuor
2462 3347 2652 3437 aliis,
2705 3371 2849 3418 am·-

633 3448 831 3542 higna
876 3441 949 3515 in
995 3468 1154 3534 nno,
1204 3444 1363 3515 item
1411 3442 1482 3514 in
1531 3467 1664 3517 uno
1714 3453 1942 3541 aperte
1985 3445 2229 3518 brevis.
2329 3448 2724 3544 Ambignam
2755 3449 2848 3520 il-

620 3549 788 3637 vlam,
841 3568 1005 3641 quae
1058 3553 1162 3617 est
1208 3544 1281 3617 ιιι
1330 3552 1561 3663 quarta
1611 3547 2060 3643 antistropha,
2114 3556 2296 3621 recte
2345 3549 2576 3621 licebit
2622 3550 2846 3647 longis
2962 3593 2973 3598 -

634 3670 1009 3720 accensere.
1113 3644 1260 3719 Nec
1306 3647 1519 3719 minus
1570 3647 1800 3720 dubias
1849 3647 2030 3738 illas,
2081 3649 2403 3746 siquidem
2442 3652 2654 3723 nihil
2632 3675 2848 3749 mpe-

631 3749 732 3820 dit
784 3749 939 3844 quin
988 3746 1252 3842 κνίσσῃ
1315 3755 1383 3819 et
1429 3753 1708 3843 μοῦνος
1757 3756 1826 3821 et
1872 3745 2256 3874 Ξείναρκες
2305 3753 2666 3843 scribatur,
2734 3752 2848 3823 nbi

632 3847 787 3921 libri
840 3850 946 3921 vel
991 3874 1246 3940 omnes,
1297 3850 1405 3921 vel
1453 3850 1753 3946 plerique
1801 3845 2018 3945 κνίσῃ
2071 3861 2138 3924 et
2186 3847 2414 3947 μόνος
2464 3863 2533 3925 et
2570 3853 2848 3950 Ξέναρ-Ι

631 3978 750 4033 κες
797 3951 1135 4046 praebent.
1207 3948 1408 4022 Nam
1457 3950 1539 4022 de
1579 3951 1710 4023 hoc
1758 3961 2093 4048 postremo
2143 3955 2406 4026 nomine
2457 3979 2622 4052 quae
2661 3955 2850 4029 Boe-

637 4053 872 4125 ckhins
919 4051 992 4122 ιιι
1038 4023 1215 4125 notis
1267 4052 1517 4125 criticis
1570 4053 1836 4144 obiecit,
1890 4077 1970 4126 ea
2010 4055 2155 4152 ipse
2187 4055 2411 4147 hodie,
2465 4058 2691 4149 credo,
2743 4056 2850 4146 fa-

638 4156 767 4227 cile
815 4153 1025 4225 missa
1072 4152 1298 4226 faciet.
1400 4153 1888 4251 Turpissimum
1950 4180 2108 4230 vero
2160 4165 2264 4229 est
2313 4158 2539 4230 vitium
2587 4160 2659 4231 in
2708 4167 2851 4231 ter-

638 4257 733 4328 tia
781 4255 1077 4353 stropha,
1132 4255 1244 4352 qni
1292 4277 1521 4328 versus
1570 4256 1732 4327 milii
1773 4280 2033 4353 semper
2072 4267 2417 4356 suspectus
2450 4260 2602 4352 fuit,
2652 4268 2850 4334 nota·-

639 4366 872 4452 tusque
922 4363 1314 4453 propterea,
1380 4357 1513 4430 iam
1577 4382 1771 4453 quum
1833 4361 2110 4454 primum
2165 4361 2246 4433 de
2296 4362 2523 4435 metris
2571 4361 2851 4434 Pindari
