3192 4992
637 353 642 360 β
661 398 784 468 118
947 393 1002 428 '¹'
1266 398 1367 458 DE
1411 397 1705 459 oFFlclo
1748 394 2259 458 INTERPRETIS.

657 572 754 644 At
802 591 991 663 quem
1039 565 1152 638 bic
1200 563 1373 637 dixit
1413 566 1718 650 ἐκεῖνον,
1767 570 1844 636 ut
1871 558 2441 655 nou’Polyzelum,
2495 556 2613 630 sed
2647 557 2901 630 Thra--

661 670 959 774 sybulum
1007 667 1211 739 fuisse
1264 666 1564 755 credam,
1653 667 1765 761 qui
1816 689 1976 737 cum
2024 663 2387 734 Aristonoo
2439 667 2508 732 et
2558 658 2876 734 Chromio

607 835 616 842 .
660 779 842 843 tutor
890 770 1104 841 factus
1156 770 1246 840 sit
1265 768 1469 839 ‘illius
1506 767 1972 857 adolescentis,
2025 789 2102 837 eo
2134 764 2449 853 adducor,
2505 761 2679 858 quod
2713 764 2878 834 Ari-

658 872 935 946 stoteles
998 871 1071 942 in
1135 869 1231 943 V.
1297 868 1572 940 Politic.
1646 893 1710 940 c.
1766 872 1889 944 11.
1954 866 2261 963 scripsit:
2340 859 2878 960 Θρασυβούλου

601 993 606 1010 ·
657 980 794 1046 τοῦ
835 971 1157 1066 Ἱέρωνος
1206 968 1534 1066 ἀδελφοῦ
1583 967 1722 1043 τὸν
1768 966 1939 1043 υἱὸν
1978 975 2113 1041 τοῦ
2154 963 2485 1046 Γέλωνος
2525 961 2878 1066 δημαγωὲ

656 1082 971 1175 γοῦντος
1018 1070 1145 1146 καὶ
1193 1070 1374 1169 πρὸς
1419 1068 1696 1167 ἡδονὰς
1746 1069 2127 1167 ὁρμῶντος
2138 1123 2164 1156 ,
2223 1065 2324 1140 ἵν’
2386 1063 2611 1149 αὐτὸς
2658 1067 2875 1162 ἄρχῃ.

657 1176 801 1249 Sed
865 1176 995 1247 hoc
1055 1175 1204 1245 leve
1273 1182 1399 1245 est.
1519 1170 1700 1243 Illud
1767 1196 1922 1244 vero
1985 1172 2110 1244 toti
2179 1170 2285 1240 illi
2347 1168 2896 1265 interpretationi·

659 1279 903 1367 obstat,
958 1276 1132 1372 quod
1181 1273 1776 1371 imprudentissime
1826 1274 2078 1370 egisset
2126 1270 2481 1362 Pindarus,
2536 1272 2596 1342 si
2629 1269 2881 1344 Hiero-

656 1403 809 1450 nem
856 1379 926 1450 iu
978 1402 1057 1449 eo
1111 1378 1421 1466 carmine,
1472 1377 1543 1448 iu
1594 1400 1724 1471 quo
1775 1375 2043 1447 laudare
2094 1398 2244 1445 eum
2293 1371 2614 1463 debebat,
2669 1395 2878 1470 eoque

656 1488 981 1577 tempore,
1037 1503 1165 1574 quo
1215 1479 1541 1549 labantem
1592 1477 1764 1574 apud
1814 1479 2003 1549 illum
2045 1500 2167 1572 per
2212 1474 2687 1547 obtrectatores
2712 1498 2881 1572 ³gra-
2978 1507 2987 1510 ·

659 1582 820 1653 tiam
872 1605 1055 1652 suam
1105 1581 1456 1652 restituere
1508 1580 1794 1670 volebat,
1847 1579 2372 1674 turpissimorum
2408 1576 2730 1648 scelerum
2765 1602 2907 1648 su·-w

658 1692 958 1780 spectum
1011 1682 1434 1772 ostendisset,
1486 1680 1683 1776 idque
1735 1689 1868 1752 tam
1916 1679 2068 1750 rudi
2118 1686 2312 1774 atque
2365 1680 2614 1771 agresti
2657 1679 2879 1770 modo,
2989 1758 2992 1761 ,

656 1793 772 1876 ut,
840 1809 1036 1903 quum
1086 1785 1265 1856 nolle
1320 1807 1393 1854 se
1448 1783 1840 1854 maledicere
1891 1781 2286 1870 affirmaret,
2358 1779 2427 1850 id
2477 1781 2734 1877 ipsum,
2808 1805 2882 1852 se

657 1887 1122 1976 maledlxisse,
1193 1884 1642 1957 confiteretur.
1744 1884 2091 1956 Excusare
2140 1881 2272 1952 ista
2323 1881 2583 1976 quidem
2633 1882 2885 1954 studuit

609 2077 614 2084 .
657 1987 1043 2060 Boeckbius
1096 1988 1506 2082 antiquorum
1561 1975 1924 2083 temporum
1968 1984 2390 2079 simplicitate
2435 1992 2632 2079 atque
2669 1985 2882 2081 ipsius

658 2097 896 2185 poetae
963 2089 1408 2184 ingenuitate:
1489 2089 1948 2184 persuasitque
1999 2084 2342 2157 Dissenio.
2459 2083 2603 2158 Sed
2651 2110 2726 2158 re
2778 2094 2886 2158 at-

659 2200 858 2263 tente·
894 2190 1307 2263 considerata
1356 2190 1501 2286 ipse
1554 2213 1777 2287 spero,
1829 2190 1999 2274 hanc
2049 2187 2425 2284 opinionem
2463 2187 2728 2259 missam
2778 2187 2887 2259 fa-‘

661 2293 816 2364 ciet.
919 2290 1163 2388 Longe
1229 2292 1362 2362 alia
1423 2316 1607 2372 mens
1658 2292 1784 2362 fuit
1831 2288 2150 2361 Pindaro.
2253 2288 2387 2378 Qui
2452 2314 2649 2384 quum
2696 2288 2886 2361 finita

659 2391 925 2467 Ixionis
974 2394 1175 2490 impie
1225 2393 1548 2465 factorum
1597 2394 1976 2465 narratione
2042 2390 2264 2462 statim
2323 2390 2630 2463 subiiciat
2677 2391 2883 2465 haec:

860 2542 1041 2628 θεὸς
1090 2543 1292 2618 ἅπαν
1342 2543 1459 2617 ἐπὶ
1509 2543 1877 2619 ἐλπίδεσσι
1923 2541 2199 2637 τέκμαρ
2253 2534 2581 2630 ἀνύεται,

861 2641 1067 2733 θεός,
1122 2645 1162 2718 ὃ
1203 2643 1329 2738 καὶ
1369 2641 1739 2743 πτερόεντ’
1792 2642 2038 2718 αἰετὸν
2071 2640 2225 2737 κίχε
2255 2641 2384 2716 καὶ
2410 2645 2886 2722 θαλασσαῖον

1872 2742 2408 2838 παραμείβεται
2919 2747 2922 2754 ’

866 2843 1203 2942 δελφῖνα,
1260 2842 1387 2918 καὶ
1434 2841 1887 2942 ὑψιφρόνων
1934 2842 2079 2919 τίν’
2140 2844 2473 2943 ἔκαμψεν
2506 2847 2835 2942 βροτῶν,

864 2943 1167 3042 ἑτέροισι
1195 2943 1276 3020 δὲ
1304 2943 1530 3029 κῦδος
1559 2943 1891 3047 ἀγήραον
1917 2943 2282 3042 παρέδωκ’
2310 2973 2327 2989 ·
2382 2945 2508 3045 ἐμὲ
2536 2946 2618 3023 δὲ
2639 2948 2887 3046 χρεων

802 3070 807 3085 ·
867 3044 1170 3149 φεύγειν
1219 3044 1446 3132 δάκος
1496 3046 1788 3137 ἄδινον,
1838 3044 2328 3151 κακαγορίαν·

666 3225 746 3275 ea
794 3202 945 3298 ipsa
995 3200 1251 3272 divinae
1302 3202 1636 3299 potentiae
1690 3201 2134 3299 descriptione
2200 3202 2490 3274 ostendit
2538 3201 2759 3275 redire
2811 3227 2886 3276 se

667 3304 752 3376 ad
800 3306 945 3394 illa,
998 3312 1274 3399 propter
1324 3327 1488 3399 quae
1540 3302 1621 3374 de
1671 3301 1909 3375 Ixione
1964 3312 2402 3398 exposuerat,
2468 3304 2600 3377 hoc
2650 3313 2756 3376 est
2806 3304 2890 3376 ad

670 3408 951 3502 gratiam
1015 3405 1093 3475 ab
1158 3402 1408 3477 Locris
1482 3400 1763 3476 debitam
1828 3403 2135 3476 Hieroni.
2252 3405 2384 3497 Qui
2453 3430 2650 3503 quum
2716 3407 2890 3503 grati

673 3515 898 3579 essent
962 3516 1357 3603 propterea,
1433 3505 1609 3602 quod
1673 3507 1800 3578 sibi
1876 3507 2005 3577 iam
2070 3529 2201 3579 non
2265 3509 2653 3579 metuendus
2716 3516 2895 3580 esset

672 3607 1081 3699 AnaxilaaS,
1148 3609 1272 3679 vix.
1311 3608 1593 3679 dubitari
1645 3616 1905 3705 potest,
1959 3608 2112 3703 quin
2162 3609 2233 3679 in
2284 3611 2457 3682 bunc
2507 3610 2752 3682 dictum
2804 3611 2892 3681 sit

563 3757 568 3764 -
671 3707 853 3791 θεὸς
899 3708 1027 3782 καὶ
1073 3705 1521 3807 ὑψιφρόνων
1569 3707 1720 3784 τίν’
1780 3710 2112 3806 ἔκαμψεν
2158 3710 2485 3807 βροτῶν,
2536 3712 2606 3782 in
2640 3707 2893 3784 Hiero-

672 3834 821 3882 nem
872 3820 1082 3883 autem
1135 3810 1439 3908 ἑτέροισι
1489 3808 1571 3885 δὲ
1620 3809 1848 3893 κῦδος
1888 3807 2219 3911 ἀγήραον
2259 3811 2657 3910 παρέδωκε.
2740 3814 2891 3905 Quo

675 3913 817 3982 veri
868 3913 1080 3983 simile
1128 3913 1229 4003 fit,
1282 3922 1357 3985 ut
1406 3915 1603 3985 etiam
1653 3911 1913 3984 Ixionis
1965 3915 2333 4010 exemplum
2383 3925 2659 4011 propter
2705 3918 2895 3986 Ana-

673 4013 924 4086 xilaum
973 4015 1062 4086 sit
1111 4016 1404 4086 allatum.
1507 4014 1717 4106 Quem
1768 4015 1896 4085 etsi
1944 4025 2218 4111 propter
2264 4017 2580 4088 iustitiam
2631 4026 2702 4089 et
2728 4041 2894 4088 ‘mo-

679 4115 1078 4186 derationem
1130 4141 1380 4188 summo
1442 4117 1514 4187 in
1564 4116 1815 4189 honore
1864 4116 2077 4189 fuisse
2128 4116 2423 4190 Iustinus
2472 4116 2609 4189 IV.
2663 4122 2737 4192 2.
2792 4126 2893 4190 est

679 4218 997 4308 testatus,
1064 4225 1280 4288 tamen
1328 4217 1397 4289 id
1446 4217 1616 4290 nihil
1666 4218 1978 4315 impedit,
2050 4220 2203 4315 quin
2255 4221 2319 4292 ei
2370 4245 2515 4292 cum
2565 4218 2889 4309 Hierone,

680 4320 818 4415 qui,
869 4326 945 4392 ut
973 4343 1033 4390 -a
1074 4320 1432 4391 scholiasta
1473 4319 1555 4390 ad
1584 4318 1785 4414 Pyth.
1814 4318 1880 4390 Ι.
1916 4325 2088 4395 112.
2138 4322 2465 4418 proditum
2508 4329 2637 4414 est,
2688 4322 2893 4394 filiam

485 4447 490 4452 ·
680 4421 823 4492 eius
872 4421 943 4492 in
993 4421 1403 4493 matrimonio
1454 4421 1684 4493 habuit
1699 4473 1724 4513 ,
1774 4423 2067 4520 privatas
2117 4446 2385 4497 caussas
2433 4424 2915 4504 intercessisse-
