3192 4992
1138 360 1250 422 na
1324 358 1771 484 ATnANtte.
2430 359 2561 430 2⁵1
2638 365 2645 448 j

337 535 556 602 tamen
604 524 901 602 immarus
954 525 1214 621 specics
1255 531 1386 614 est,
1440 523 1500 600 si
1542 521 1645 600 ab
1674 535 2016 625 utraque
2054 538 2295 624 parte
2334 534 2560 603 tenere

339 625 654 704 creditor.
753 626 1063 723 Denique
1115 627 1189 701 si
1238 624 1604 702 distimffl
1670 628 1922 700 caelum
1990 638 2058 701 et
2118 637 2361 702 terram
2428 630 2561 706 dici

339 739 679 828 putamus,
750 739 974 804 recta
998 728 1260 824 quidem
1326 736 1393 799 et
1445 728 1731 824 simplex
1781 729 2000 824 imago
2054 739 2195 819 est,
2260 730 2378 803 sed
2434 755 2561 806 nna

340 841 614 927 apparet
664 855 783 906 cur
833 830 1171 902 columnas
1220 828 1706 904 fundamentum
1759 829 2071 902 habentes
2121 830 2559 904 firmissimum

336 933 651 1028 nulloque
701 932 1076 1023 indigentes
1124 930 1520 1006 adminiculo
1570 940 1797 1004 tenere
1852 932 2082 1022 Atlas,
2150 943 2347 1028 utque
2397 934 2565 1007 adeo

337 1034 483 1130 ipse
531 1044 760 1106 tenere
813 1033 902 1106 sit
953 1031 1193 1108 dictus.
1294 1030 1659 1106 Etstamen
1709 1032 1875 1106 haee
1922 1033 2382 1129 interpretatio
2424 1036 2565 1110 veri

339 1136 674 1212 simillima
722 1142 852 1226 est,
903 1159 1037 1209 nou
1085 1135 1301 1208 solum
1349 1142 1626 1230 propter
1674 1133 2163 1230 simplicitatem
2211 1136 2347 1210 rei.
2328 1162 2348 1183 ·
2417 1160 2565 1214 nam

340 1260 429 1310 ex
480 1253 563 1309 ee
611 1236 862 1332 potius,
915 1236 1091 1331 quod
1143 1235 1216 1307 in
1266 1236 1496 1312 oculos
1546 1235 1946 1327 incurreret,
1999 1245 2208 1312 ortam
2261 1262 2410 1310 esse
2462 1238 2568 1310 fa-

338 1338 600 1429 bulam,
653 1361 846 1434 quam
895 1335 1071 1433 quod
1121 1336 1629 1432 excogitandum
1679 1336 1948 1456 aliquod
1998 1346 2215 1411 terrae
2268 1340 2567 1436 caelique

246 1451 254 1459 '
339 1439 622 1514 fulcrum
672 1438 1031 1529 videretur,
1083 1435 1400 1514 credibile
1449 1447 1589 1526 est3
1657 1437 1776 1512 sed
1810 1439 2006 1511 etiam
2059 1440 2233 1535 quod
2265 1441 2375 1536 qui
2408 1466 2571 1538 pro-

340 1543 564 1617 ximus
610 1541 690 1615 ab
721 1538 1018 1658 Homero
1069 1549 1172 1614 est
1220 1539 1559 1616 Hesiodus
1610 1539 1780 1613 hanc
1830 1548 1932 1615 est
1972 1542 2292 1614 rationem
2324 1566 2569 1638 sequu-

341 1651 492 1717 tus.
557 1643 670 1738 qui
721 1641 823 1716 sic
872 1642 1225 1738 descripsit
1269 1642 1650 1732 Atlantem,
1722 1650 1797 1714 ut
1844 1641 1941 1732 id,
1995 1643 2169 1740 quod
2220 1643 2565 1718 obscurum

344 1755 490 1822 erat
534 1745 607 1818 in
653 1742 932 1816 Homeri
984 1743 1241 1834 verbis,
1306 1743 1688 1839 planissime
1750 1744 2041 1839 intelligi
2106 1768 2187 1816 ac
2236 1754 2420 1822 certa
2468 1745 2570 1818 rei

343 1846 563 1943 imago
615 1852 833 1945 mente
884 1845 1146 1940 concipi
1192 1852 1448 1941 posset,
1502 1844 1775 1942 Theog.
1828 1868 1900 1923 v.
1951 1848 2131 1922 517

451 2011 457 2028 '
527 1994 787 2078 Άτλας
811 1992 887 2068 δ’
920 1993 1248 2093 οὐρανὸν
1275 1993 1503 2091 εὐρὺν
1523 1994 1665 2089 ἔχει
1694 2002 2047 2093 κρατερῆς
2074 1991 2204 2070 ὑπ’
2243 1991 2573 2124 ἅναγκης

481 2189 485 2196 ,
543 2095 884 2224 πείρασιν
915 2098 998 2171 ἐν
1024 2094 1262 2198 γαίης,
1298 2093 1593 2224 πρόπαρ
1616 2095 2064 2224 Ἐσπερίδων
2077 2095 2570 2222 λιγυφώνων,

546 2191 844 2293 ἕστηως,
905 2205 1185 2325 κεφαλῇ
1236 2227 1314 2270 τε
1363 2196 1490 2271 καὶ
1541 2193 1960 2294 ἃκαματῃσι
2006 2196 2368 2293 χέρεσσιν.

544 2295 827 2397 ταύτην
875 2327 1023 2400 γαρ
1076 2299 1145 2372 οἱ
1194 2303 1471 2396 μοῖραν
1519 2295 1889 2372 ἐδάσσατο
1935 2298 2239 2400 μητιέτα
2289 2293 2501 2383 Ζεύς.

346 2460 418 2526 et
464 2452 704 2528 iterum
754 2475 822 2524 v·
873 2453 1050 2528 746.
1104 2451 1188 2526 de
1235 2449 1476 2526 Noctis
1527 2450 1794 2524 sedibus
1845 2451 2167 2564 loquens·

548 2609 706 2677 τῶν
755 2595 1034 2697 πρόσθ’
1079 2601 1430 2674 Ἰαπετοῖο
1480 2597 1653 2685 πάϊς
1700 2601 1843 2696 ἔχει
1895 2599 2223 2700 οῧρανὸν
2271 2594 2524 2698 εὗρόν,

553 2698 848 2799 ἑστηώς,
898 2709 1180 2800 κεφαλῇ
1233 2731 1309 2775 τε
1358 2701 1486 2776 καὶ
1536 2699 1959 2798 ἀκαμάτῃσι
2001 2728 2366 2797 χερεσσιν,

551 2802 1005 2901 ἀστεμφέως,
1058 2802 1191 2878 όθι
1238 2800 1402 2888 Νύξ
1446 2831 1524 2879 τε
1556 2802 1685 2877 καὶ
1725 2802 1999 2900 Ἡμέρη
2048 2799 2285 2880 ἆσσον
2327 2808 2575 2879 ἰοῦσαι

553 2902 866 3002 ἀλλήλας
913 2905 1356 3003 προςέειπον,
1411 2900 1900 3004 ἀμειβόμεναι
1948 2905 2190 3007 μέγαν
2239 2902 2494 2982 οὐδόν.
2582 2949 2589 2956 =

351 3060 752 3133 Declaratus
804 3058 873 3129 in
922 3055 1028 3129 his
1080 3066 1182 3130 est
1230 3058 1460 3149 locuS,
1528 3057 1642 3130 ubi
1691 3064 1825 3130 stet
1871 3055 2111 3148 Atlas,
2179 3058 2575 3130 couveniens

353 3188 500 3237 cum
552 3162 682 3233 situ
732 3160 1029 3250 insulae,
1096 3183 1289 3257 quam
1340 3158 1630 3257 Calypso
1696 3159 2070 3249 habitabat,
2139 3158 2208 3229 in
2260 3160 2576 3232 extremis

355 3265 435 3337 ad
490 3264 654 3335 solis
706 3284 1006 3336 occasum
1061 3261 1234 3350 oris;
1306 3261 1709 3334 declaratum
1760 3271 1863 3334 est
1912 3261 2147 3348 etiam,
2202 3260 2378 3355 quod
2426 3259 2579 3331 Ho-
2634 3274 2639 3282 ·

352 3390 573 3438 merus
626 3364 796 3436 dixit
847 3360 1072 3445 αὐτὸς
1118 3362 1300 3456 ἔχει,
1358 3362 1473 3433 sed
1525 3363 1648 3453 ita,
1700 3371 1772 3434 ut
1823 3372 2355 3452 removerentur,
2409 3384 2579 3456 quae

352 3467 702 3562 imaginem
757 3488 1172 3560 corrumpere
1226 3463 1611 3538 videbantur
1645 3465 2009 3543 columnae.
2111 3463 2306 3554 Quod
2344 3464 2417 3534 -si
2467 3486 2582 3534 re·-

353 3568 540 3663 liqua
588 3590 754 3662 quae
806 3565 886 3639 de
931 3567 1201 3638 Atlante
1253 3566 1523 3662 eiusque
1573 3565 1779 3637 fratre
1826 3564 2171 3638 Menoetio
2223 3563 2398 3661 apud
2432 3563 2581 3638 He·-

357 3669 616 3742 siodum
668 3674 820 3738 sunt
869 3667 1381 3758 consideramus,
1435 3668 1762 3764 explicari
1813 3666 2133 3739 videnturx
2163 3690 2361 3762 posse
2413 3685 2580 3761 quae

255 3810 266 3814 -
358 3772 439 3844 ab
489 3769 784 3841 Homero
838 3768 1013 3840 dicta
1063 3779 1214 3852 sunt
1264 3769 1520 3860 omnia,
1602 3767 2028 3865 ostendique,
2095 3768 2252 3863 quid
2308 3768 2389 3839 ab
2439 3767 2582 3840 illis

360 3874 475 3969 qui
540 3872 604 3943 ei
669 3878 974 3944 auctores
1042 3871 1458 3968 praeiverant
1526 3870 1727 3944 fuerit
1790 3870 2127 3945 traditum.
2244 3867 2465 3966 Iapeti
2515 3876 2585 3946 et

361 4141 481 4225 ἔχει
525 4151 935 4208 circumeuntem
977 4166 1175 4206 curare
1216 4165 1285 4203 nc
1328 4148 1596 4205 labantur
1639 4148 1941 4204 columnae.
2033 4143 2157 4202 Non
2200 4139 2373 4201 minus
2415 4143 2583 4198 aliena

328 4241 426 4290 'ac
467 4236 640 4308 potius
682 4236 910 4311 argutiae
952 4242 1088 4302 sunt,
1133 4250 1262 4307 quae
1303 4251 1354 4308 p.
1386 4227 1529 4290 293.
1573 4229 1637 4287 de
1677 4248 1742 4288 τε
1784 4226 1885 4287 καὶ
1927 4230 2195 4305 particulis
2237 4228 2581 4303 disputantur.

365 4316 469 4374 Sed
513 4320 738 4374 maxima
778 4336 896 4393 pars
937 4318 1081 4375 illius
1124 4333 1371 4373 censurae
1411 4318 1465 4372 in
1510 4333 1571 4372 eo
1614 4321 1863 4384 versatur,
1902 4322 1964 4371 ut
2002 4332 2153 4373 suam
2196 4312 2401 4390 fabulae
2429 4312 2583 4368 inter·

363 4405 698 4480 pretationem
743 4404 924 4477 quovis
968 4400 1118 4458 modo
1162 4404 1296 4458 tueri
1336 4399 1609 4458 Hefftems
1649 4400 1873 4458 studeat.
