3192 4992
652 1402 1199 1494 DEFENSIO
1275 1400 2224 1498 DISSERTATIONIS
2560 1417 2610 1489 3

328 1751 481 1861 v
635 1754 764 1863 Π
906 1752 1042 1866 o
1202 1755 1306 1862 B
1475 1753 1586 1867 o
1748 1724 2535 1894 ΛἨίι).

1248 2040 1650 2049 -—--—-——-—-———-

323 2223 838 2335 Existimabam
888 2264 1097 2336 licere
1148 2264 1220 2336 in
1267 2263 1513 2336 litteris
1565 2262 1742 2358 quod
1794 2262 1941 2360 quis
1981 2286 2206 2335 verum
2246 2263 2565 2336 falsumve

325 2386 476 2435 esse
531 2364 836 2438 erederet
887 2373 1116 2462 aperte
1168 2375 1238 2436 et
1286 2365 1495 2437 libere
1544 2363 1873 2460 proferre,
1928 2364 1988 2435 si
2038 2364 2119 2434 ab
2169 2363 2392 2435 indole
2445 2387 2566 2434 va-

323 2465 501 2537 nitas
557 2473 625 2537 et
677 2466 979 2558 iactatio,
1033 2466 1113 2536 ab
1168 2465 1381 2537 animo
1436 2464 1659 2536 odium
1697 2470 1782 2557 et·
1808 2465 2294 2555 malevolentia,
2348 2488 2387 2534 a
2423 2464 2566 2536 dis-

318 2565 605 2661 putandi
656 2568 915 2639 ratione
980 2567 1160 2638 fraus
1214 2576 1284 2638 et
1334 2565 1698 2657 calumnia,
1786 2588 1827 2636 a
1874 2578 2176 2638 sermone
2226 2565 2563 2638 rusticitas

318 2678 389 2738 et
442 2668 885 2740 contumeliae
937 2668 1266 2740 abessent.
1356 2665 1831 2739 Verumtamen
1882 2691 1966 2739 ne
2011 2667 2141 2739 hoe
2186 2667 2443 2764 quidem
2480 2668 2561 2739 ab

321 2769 628 2841 omnibus
695 2769 968 2842 eoueedi
1035 2794 1231 2866 quum
1283 2769 1450 2841 alias
1500 2769 1846 2860 intellexi,
1922 2778 2056 2840 tum
2122 2792 2297 2842 nune
2346 2769 2563 2866 ipsum

320 2870 459 2942 vidi
514 2870 917 2967 perlustrata
982 2895 1063 2943 ea
1128 2894 1294 2967 quae
1359 2870 1715 2943 novissime
1765 2870 1836 2941 in
1886 2870 2101 2942 lucem
2155 2870 2323 2942 exiit
2371 2878 2561 2968 parte

322 2970 654 3070 Corporis
702 2970 1283 3089 Inscriptiouum,·
1326 2971 1398 3043 in
1451 2995 1579 3067 qua
1631 2966 1968 3044 cuiusdam
2018 2970 2366 3043 refellendi
2417 2981 2565 3044 stu-

323 3073 459 3167 dii,
521 3098 647 3169 quo
701 3074 782 3143 ab
833 3074 1085 3169 aliquot
1137 3073 1323 3145 anuis
1375 3082 1605 3145 tenear
1619 3124 1644 3164 ,
1713 3097 1855 3145 sum
1905 3071 2349 3145 insimulatae.
2449 3073 2562 3145 De

324 3198 403 3247 eo
456 3200 596 3246 non
649 3199 859 3246 meum
910 3184 1015 3247 est
1061 3173 1396 3266 iudicare,
1462 3173 1581 3247 sed
1633 3173 2083 3266 mirabuntur,
2135 3173 2378 3264 eredo,
2427 3173 2561 3266 ini,

325 3280 439 3373 qui
485 3300 683 3372 quum
726 3277 892 3357 alias
932 3275 1345 3348 meminerint
1371 3275 1461 3346 A.
1489 3274 1823 3348 Boeekhii
1862 3274 2368 3372 disputationes,
2422 3284 2560 3347 tum

321 3377 638 3475 legerint,
686 3401 860 3496 ‘quae
909 3378 979 3450 in
1033 3376 1354 3474 Corporis
1387 3374 1907 3473 Inscriptionum
1957 3376 2093 3448 vol.
2129 3373 2232 3446 Π.
2283 3399 2355 3473 p.
2407 3377 2557 3452 663

324 3503 518 3577 seqq.
573 3479 868 3597 scripsit,
921 3488 995 3551 ut
1050 3479 1152 3551 vel
1204 3476 1653 3551 ἀνακεῖσθαι
1697 3474 1976 3551 πίνακα
2019 3476 2155 3549 dici
2192 3501 2393 3574 posse
2436 3501 2561 3550 ne-

324 3590 557 3676 garet,
613 3581 725 3699 qui
775 3581 845 3661 in
895 3582 1147 3677 pariete
1199 3580 1418 3677 pietus
1470 3591 1689 3671 esset,
1744 3578 2311 3674 Welekerumque
2361 3602 2403 3650 a
2452 3604 2557 3652 me

200 3754 203 3757 .
325 3682 594 3754 irrisum
642 3683 727 3753 iis
780 3682 998 3753 verbis
1050 3706 1198 3754 esse
1251 3680 1526 3774 diceret,
1583 3704 1749 3778 quae
1800 3703 2011 3776 neque
2055 3670 2440 3776 spectabant
2474 3681 2556 3753 ad

323 3782 768 3856 Welekerum
819 3808 944 3856 nee
992 3791 1300 3881 poteraut
1350 3781 1434 3854 ad
1483 3808 1635 3856 eum
1684 3792 2011 3879 spectare.
2114 3778 2197 3854 Si
2248 3806 2374 3878 ego
2423 3806 2559 3883 non

325 3886 595 3983 postulo
649 3910 689 3958 a
722 3883 1096 3977 Boeekhio,
1151 3893 1223 3957 ut
1269 3884 1390 3956 ille
1439 3885 1602 3956 mihi
1652 3885 2075 3975 assentiatur,
2128 3882 2241 3953 ubi
2291 3907 2395 3954 me
2445 3907 2560 3955 er-

325 4009 477 4059 rare
529 3995 743 4084 putet,
795 3987 955 4059 item
1005 3987 1163 4060 mihi
1213 3987 1468 4058 licitum
1510 4011 1660 4059 esse
1703 4009 1829 4084 par
1868 3994 1997 4076 est,
2052 4008 2217 4080 quae
2248 3985 2410 4057 mihi
2435 3983 2554 4055 ille

327 4112 460 4161 non
511 4112 671 4161 vera
720 4088 971 4161 dixisse
1022 4088 1361 4181 videatur,
1429 4088 1714 4187 aperire.
1818 4084 2155 4184 Conqueri
2205 4085 2288 4157 de
2339 4086 2550 4158 altero

292 4474 301 4481 ,
498 4391 559 4474 ⁶)
619 4394 778 4454 Eat.
818 4404 903 4454 est
944 4417 993 4453 a.
1042 4392 1225 4456 1835.
1689 4440 1694 4445 .

415 4504 640 4572 Hssan.
687 4507 802 4574 01».
860 4509 1004 4577 vll.
2062 4503 2152 4590 ‚E
2229 4579 2240 4588 .
