3192 4992
675 341 801 409 128
1283 346 1384 407 DE
1426 345 1718 406 OFFICIO
1761 346 2281 409 INTERPRETIS.

673 511 942 602 liastes,
1011 511 1201 598 odam
1250 512 1432 583 illam
1483 510 1830 607 Pythicam
1878 512 2085 584 fuisse
2137 512 2517 603 credamus,
2572 511 2899 607 fidemque

676 613 1069 707 denegemus
1121 613 1544 705 scholiastae,
1601 611 2029 705 castoreum,
2087 614 2260 710 quod
2313 614 2490 686 dicat
2539 613 2901 705 Pindarus,

674 713 1111 810 hyporchema
1159 715 1366 806 illud,
1439 716 1626 787 cuius
1692 716 1952 788 initium
2004 724 2148 788 erat
2213 710 2420 798 ξύνες
2470 711 2513 787 ὅ
2561 742 2633 787 τι
2684 712 2899 814 λέγω,

674 815 878 886 fuisse
932 816 1225 887 testanti.

873 915 1227 1013 Reliquum
1280 922 1383 988 est
1434 941 1638 1010 ergo,
1697 925 1773 989 ut
1825 917 2081 990 dicatur
2131 916 2288 1012 quid
2340 916 2428 987 sit
2479 914 2897 1004 Castorcum.
2924 961 2932 974 ·

676 1015 960 1089 Frustra
1009 1019 1346 1089 laboratur
1396 1018 1832 1115 explicandiS,
1888 1042 2051 1114 quae
2105 1018 2222 1089 alii
2274 1018 2633 1114 scriptores
2687 1018 2766 1088 de
2814 1041 2896 1088 eo

577 1117 937 1191 28nomine
989 1119 1372 1210 attulerunt,
1426 1144 1623 1215 quum
1674 1121 1987 1216 optimum
2034 1120 2463 1217 interpretem
2513 1120 2728 1216 ipsum
2775 1119 2899 1189 ha·-

674 1220 938 1294 heamus
1002 1218 1361 1292 Pindarum
1422 1221 1495 1292 in
1556 1218 1874 1294 Isthmico
1944 1223 2230 1293 carmine
2294 1222 2507 1318 primo
2573 1221 2679 1292 his
2749 1244 2934 1291 ver--⁴

675 1321 900 1393 sibus·

928 1470 1088 1544 ἀλλ’
1149 1469 1295 1573 ἐγώ
1336 1467 1719 1571 Ἡροδότῳ
1780 1469 2067 1566 τεύχων
2127 1470 2214 1546 τὸ
2263 1469 2404 1568 μὲν
2456 1471 2734 1572 ἅρματι
2783 1500 2899 1545 τε·-

1886 1573 2199 1671 θρίππῳ
2247 1573 2467 1702 γέρας

927 1670 1107 1749 ἁνία
1157 1673 1226 1746 τ’
1288 1671 1702 1802 ἀλλοτρίαις
1751 1673 1841 1749 οὐ
1884 1675 2098 1772 χερσι
2147 1673 2591 1802 νωμάσαντ;
2642 1674 2876 1747 ἐθέλω

923 1773 973 1872 ἢ
1022 1773 1447 1872 Καστορείω
1494 1773 1543 1870 ἢ
1577 1772 1861 1849 Ἰολάου
1912 1773 2315 1874 ἐναρμόξαι
2365 1802 2501 1873 μιν
2540 1761 2796 1872 ὕμνῳ·

923 1880 1151 1951 κεῖνοι
1198 1875 1344 2025 γὰρ
1395 1871 1665 1976 ἡρώων
1715 1875 2163 1974 διφρηλαται
2210 1876 2725 1971 Λακεδαίιιονι
2775 1875 2898 1951 καὶ
2986 1875 2991 1881 ’

1741 1976 2017 2079 Θήβαις
2051 1979 2462 2054 ἐτέκνωθεν
2497 1976 2895 2077 κράτιστοι.
2960 2052 2973 2057 -

672 2128 790 2203 Ex
842 2129 1075 2225 quihus
1127 2137 1401 2227 apparet
1441 2128 1830 2204 Castoreum
1882 2133 2108 2205 vocari
2161 2156 2447 2223 carmen,
2504 2156 2632 2228 quo
2685 2133 2899 2205 victo-

672 2234 773 2303 ria
825 2256 1021 2305 curru
1072 2242 1263 2327 parta
1315 2241 1611 2305 canatur.
1712 2235 1872 2307 Alio
1939 2235 2114 2306 idem
2164 2233 2579 2330 significante
2631 2235 2892 2306 nomine

631 2325 829 2407 'usus
883 2342 986 2407 est
1039 2330 1159 2405 Ol.
1211 2332 1275 2405 I.
1332 2337 1505 2408 100.

1885 2484 2010 2584 ἐμὲ
2062 2483 2144 2561 δὲ
2197 2493 2671 2586 στεφανῶσαι

922 2589 1170 2659 κεῖνον
1219 2585 1492 2680 ἱππικῷ
1545 2583 1756 2684 νόμῳ

924 2683 1265 2812 Αἰοληΐδι
1312 2692 1563 2783 μολπᾷ

915 2781 1085 2883 χρή·

873 2907 1088 3032 Haec,
1129 2937 1490 3034 explicatio
1558 2938 2093 3035 quemadmodum
2144 2941 2412 3037 egregie
2466 2964 2612 3011 cum
2663 2965 2896 3012 narra-

674 3041 854 3114 tione
907 3039 1303 3113 scholiastae
1356 3041 1699 3131 convenit,
1752 3042 1852 3113 sic
1902 3042 2099 3114 etiam
2152 3043 2440 3138 ostendit
2493 3042 2679 3113 valde
2732 3044 2894 3113 sim·-

672 3143 834 3240 plex
904 3165 1050 3213 esse
1114 3142 1318 3213 totius
1387 3144 1693 3214 carminis
1745 3154 2233 3239 argumentum,
2307 3168 2431 3215 nec
2480 3142 2772 3216 Pindaro
2824 3147 2896 3216 iu

551 3242 556 3248 ’
673 3252 953 3316 mentem
1020 3243 1298 3314 venisse
1345 3245 1602 3339 qualem
1664 3245 1734 3316 in
1787 3246 2033 3317 scholis
2061 3248 2416 3328 rhetorum
2469 3248 2660 3362 pueri
2710 3247 2894 3316 sole-

674 3346 856 3420 hant
880 3344 1125 3418 chriam
1177 3344 1542 3417 elaborare.
1657 3344 1829 3418 Nam
1892 3355 1967 3419 ut
2028 3347 2245 3419 omnia
2307 3349 2536 3441 paucis
2590 3369 2895 3442 compre-

673 3447 1055 3538 hendamus,
1091 3446 1221 3519 hoc
1245 3446 1443 3518 dicit.
1496 3451 1784 3521 nuncio
1811 3451 2214 3522 metor-iam
2242 3448 2646 3566 eronisz
2669 3474 2895 3548 quem

666 3550 899 3648 grati
943 3541 1288 3628 laudant
1312 3548 1593 3621 Locri:
1661 3561 1921 3623 monet
1962 3553 2185 3641 enim,
2238 3574 2337 3623 ne
2387 3551 2561 3648 quio
2610 3551 2895 3648 ingra-

674 3660 800 3720 tus
849 3650 972 3739 sit,
1025 3651 1471 3749 exemplum
1511 3652 1866 3724 Ixionis:
1931 3650 2075 3725 sed
2113 3656 2289 3726 nolo
2329 3654 2578 3741 illum,
2627 3653 2775 3751 qui
2813 3676 2895 3725 oe
2946 3733 2957 3742 -

593 3789 597 3794 ·
672 3749 855 3822 huie
903 3752 1223 3824 similem
1261 3749 1668 3848 praebuit,
1718 3756 2202 3851 vituperare,
2258 3777 2408 3854 quo
2459 3764 2568 3843 tu,
2620 3753 2891 3843 Haero,

671 3852 998 3924 multum
1039 3865 1430 3950 praestas,
1483 3856 1624 3955 qui
1665 3879 1822 3928 non
1854 3858 2097 3929 solum
2130 3854 2422 3954 opibus,
2473 3852 2635 3927 sed
2659 3858 2893 3929 etiam

674 3954 1069 4048 sapientia
1117 3957 1464 4029 eaeeellie.
1565 3957 1735 4029 Sed
1776 3961 1987 4031 vale:
2052 3957 2194 4031 Ιιοο
2246 3954 2387 4031 tibi
2425 3981 2747 4030 carmen
2779 3982 2892 4031 ex

664 4055 1043 4156 promisso
1094 4058 1461 4128 mittitur:
1526 4056 1762 4149 illud,
1843 4084 1992 4159 quo
2054 4062 2309 4157 ipsam
2374 4055 2713 4132 laudabo
2783 4062 2889 4132 vi-

672 4157 1024 4246 ctoriam,
1067 4169 1395 4256 propter
1442 4161 1697 4256 ipsum
1740 4165 2011 4259 accipe
2036 4161 2356 4257 savem,
2408 4184 2658 4259 neque
2699 4160 2896 4233 ambi

672 4255 1223 4332 obtrectatores
1270 4285 1494 4350 meos,
1548 4286 1879 4361 quorum
1925 4287 2070 4363 ego
2121 4289 2369 4338 mores
2398 4273 2889 4338 contemnem
3011 4292 3020 4303 ·

577 4463 583 4471 Δ
672 4362 1029 4460 ingenua
1074 4356 1543 4438 liberalitate
1594 4360 1735 4435 tibi
1767 4361 2105 4461 probari
2147 4368 2399 4470 cupio.
