3192 4992
659 377 747 446 ὦ
1253 377 1505 440 DEFEN
1505 377 1619 439 810
1662 376 2273 438 DISSERTATIONIS

648 546 834 621 Eam
882 570 1038 618 vero
1090 550 1484 641 potestatem
1546 567 1721 640 nego
1784 542 2004 616 inesse
2068 543 2140 614 in
2203 541 2336 615 isto
2400 540 2601 613 verbo
2651 561 2881 636 posse,

616 674 793 722 ιιοιι
843 648 1057 720 solum
1107 647 1260 742 quia
1302 668 1513 741 neque
1567 645 1680 740 qui
1719 643 1955 717 sedens
1984 644 2169 736 dicit,
2221 642 2336 715 ubi
2362 651 2645 715 stantem
2675 665 2887 737 opor-

663 751 868 841 tebat,
921 772 1183 844 semper
1229 746 1637 865 interpellat,
1687 770 1812 818 nec
1862 746 2172 818 stantium
2222 769 2354 818 non
2407 753 2511 816 est
2558 741 2885 838 interpel-

606 886 623 908 2
662 853 844 942 lare,
892 850 1016 923 sed
1065 850 1264 920 etiam
1315 848 1506 943 quia,
1574 855 1649 919 ut
1700 847 1847 944 quis
1897 847 2322 944 interpellare
2372 845 2627 953 possit,
2695 842 2885 939 loqui

663 954 987 1048 aliquem,
1057 975 1246 1046 quem
1295 948 1717 1044 interpellet,
1783 973 2055 1021 necesse
2106 956 2232 1021 est.
2336 944 2556 1041 Quare
2609 944 2723 1040 qui
2771 969 2887 1016 se-

663 1054 826 1127 dens
875 1054 945 1125 in
996 1052 1312 1124 concione
1352 1050 1539 1140 dicit,
1593 1075 1727 1122 non
1767 1052 2002 1147 magis,
2055 1074 2246 1147 quam
2291 1052 2404 1146 qui
2445 1057 2602 1138 stat,
2656 1069 2886 1143 quem-

597 1176 601 1185 *
664 1180 854 1252 quam
905 1152 1378 1249 interpellabit,
1429 1153 1561 1224 nisi
1607 1152 1739 1222 iam
1776 1152 2086 1248 loquatur
2123 1151 2319 1222 alius,
2420 1148 2612 1277 Ergo
2655 1148 2797 1220 ab
2776 1170 2886 1219 in-
3005 1152 3014 1165 ‘

662 1255 1074 1352 terpellando
1125 1277 1249 1326 nec
1296 1276 1420 1349 per
1466 1254 1679 1350 ipsam
1731 1254 1913 1324 verbi
1963 1261 2260 1325 naturam
2305 1246 2754 1347 υποβᾶλλειν
2803 1272 2885 1322 eo

663 1357 921 1430 traduci
971 1356 1214 1452 potuit,
1268 1363 1342 1426 ut
1390 1354 1798 1451 significaret
1847 1379 1958 1427 esc
2009 1353 2188 1428 sede
2237 1353 2521 1445 ‹bic-ere,
2573 1376 2699 1424 nec
2729 1359 2889 1447 pot-

665 1467 770 1531 est
816 1458 889 1528 in
939 1481 1136 1529 versu
1182 1455 1488 1548 Homeri,
1543 1457 1722 1552 quia,
1773 1466 2121 1552 postquam
2170 1456 2509 1552 peroravit
2556 1453 2887 1543 Achilles,

647 1558 951 1652 ‚nondum
999 1558 1290 1630 surrexit
1339 1558 1621 1654 aliquis,
1688 1581 1880 1654 quem
1949 1558 2407 1653 interpellaret
2452 1555 2890 1653 Agamemno.

662 1660 863 1733 Haec
906 1660 1165 1757 quidem
1216 1668 1348 1731 tam
1401 1660 1598 1755 plana
1649 1667 1827 1750 sunt,
1881 1683 2072 1754 quam
2119 1658 2298 1754 quod
2332 1658 2641 1730 maxime.
2744 1654 2892 1758 Oe:

665 1786 933 1835 currere
983 1761 1139 1834 huic
1190 1760 1545 1833 obiectioni
1596 1761 1806 1833 voluit
1850 1758 2236 1833 Boeckhius
2293 1784 2413 1851 eo,
2481 1758 2657 1855 quod
2719 1758 2892 1855 scri-

662 1863 837 1961 psitz
903 1888 1092 1936 nam
1140 1863 1215 1934 εἰ
1257 1864 1376 1934 ita
1423 1859 1687 1934 dicere
1737 1885 1850 1934 ex
1898 1860 2078 1934 sede
2126 1873 2209 1935 et
2249 1862 2755 1959 interpellare
2804 1861 2892 1931 li-

665 1975 863 2038 ceat.
967 1963 1062 2036 At
1111 1962 1181 2034 id
1234 1963 1380 2059 ipse
1446 1964 1672 2035 intulit
1721 1964 1789 2035 in
1837 1962 2041 2035 verba
2088 1962 2406 2054 Homeri,
2475 1962 2646 2059 apud
2700 1985 2891 2057 quem

666 2065 750 2138 de
802 2089 875 2137 se
927 2065 1073 2137 solo
1136 2064 1434 2160 loquitur
1481 2057 1930 2161 Agamemno,
2012 2064 2486 2161 strepitumque
2550 2063 2723 2136 dixit
2784 2063 2894 2133 vel

665 2191 816 2240 eum
914 2167 980 2237 ui
1029 2190 1204 2238 nunc
1254 2166 1382 2256 sit,
1436 2166 1544 2237 vel
1597 2166 1711 2263 qui
1758 2165 2017 2238 futurus
2069 2166 2160 2239 sit
2208 2190 2280 2238 se
2337 2166 2533 2238 verba
2580 2164 2889 2254 faciente,

544 2290 548 2299 ·
664 2293 800 2341 non
852 2268 870 2285 ’
931 2293 1077 2358 ιιιιι,
1140 2267 1252 2385 qui
1302 2266 1560 2339 futurus
1613 2276 1792 2340 esset
1840 2269 1900 2339 si
1950 2268 2140 2339 multi
2190 2292 2277 2339 ex
2328 2267 2486 2340 sede
2538 2290 2660 2338 sua
2708 2265 2894 2338 diee-
2980 2321 2985 2326 .

663 2377 841 2442 rent.
940 2367 1027 2440 Id
1077 2369 1250 2440 enim
1297 2368 1431 2440 nisi
1482 2367 1727 2442 diserte
1779 2368 2025 2442 dictum
2059 2369 2301 2442 nemini
2346 2377 2571 2466 potest
2604 2368 2676 2439 in
2707 2391 2895 2441 men-

663 2481 799 2545 tem
855 2470 1099 2544 venirc.
1203 2467 1346 2542 Sed
1398 2471 1458 2542 si
1484 2468 1816 2544 Boeckhii
1865 2471 2225 2567 explicatio
2260 2470 2515 2542 admitti
2560 2494 2695 2542 non
2736 2477 2895 2566 pot-

666 2581 798 2663 est,
848 2596 984 2645 non
1034 2571 1419 2643 concludam
1470 2596 1595 2667 ego
1651 2572 1912 2689 quidem
1960 2583 2316 2669 propterea
2364 2595 2586 2644 veram
2627 2595 2774 2643 esse
2804 2571 2896 2642 il-

665 2674 840 2759 lam,
908 2695 1076 2769 quae
1130 2695 1171 2741 a
1219 2695 1322 2742 me
1374 2680 1478 2743 est
1526 2673 1895 2768 proposita.
1997 2672 2151 2747 Non
2199 2682 2378 2746 esset
2427 2674 2598 2749 enim
2648 2673 2898 2759 miran-

669 2773 863 2863 dum,
918 2773 981 2844 si
1030 2772 1218 2843 ambo
1272 2772 1781 2889 erravissemus,
1837 2775 2226 2869 praesertim
2275 2775 2347 2845 in
2393 2775 2576 2866 loco,
2630 2773 2712 2846 de
2764 2799 2894 2871 quo

667 2874 801 2946 iam
851 2872 1107 2969 antiqui
1155 2873 1566 2966 grammatici
1609 2875 1680 2945 in
1709 2873 2156 2946 diversissima
2186 2875 2655 2949 discesserunt.
2724 2874 2898 2949 Nam

666 3000 803 3048 non
854 2975 1069 3047 solum
1115 2968 1568 3069 ὑποβάλλειν
1620 2975 1777 3072 quid
1829 2983 2007 3048 esset
2058 2985 2125 3048 et
2166 2977 2246 3049 de
2282 3002 2409 3075 quo
2455 2977 2726 3069 dictum,
2784 3002 2897 3050 ve-

664 3101 817 3149 rum
868 3076 1064 3149 etiam
1117 3083 1380 3148 caetera
1428 3076 1629 3148 verba
1679 3101 1811 3173 quo
1859 3077 2230 3171 referenda,
2296 3102 2424 3176 qua
2472 3080 2730 3151 ratione
2782 3103 2900 3152 ao-

672 3177 1016 3275 cipienda,
1088 3177 1411 3272 quomodo
1464 3177 1641 3250 inter
1690 3203 1764 3250 se
1814 3179 2173 3270 nectenda,
2243 3179 2520 3276 denique
2573 3180 2896 3278 quomodo

672 3279 1021 3354 scribenda
1071 3287 1331 3370 essent,
1399 3278 1695 3375 adeoque
1748 3282 1946 3354 ctiam
1997 3282 2109 3378 qui
2158 3281 2323 3354 haec
2370 3282 2662 3378 loquitur
2710 3283 2901 3378 Aga-

671 3406 930 3455 memno
983 3380 1328 3453 sederetne
1379 3404 1462 3452 an
1514 3390 1723 3453 staret
1774 3382 2208 3481 disceptatum
2258 3391 2387 3455 est.
2490 3382 2591 3456 Vt
2638 3383 2720 3455 ab
2771 3384 2901 3456 hoc

530 3560 549 3572 ,
673 3492 1010 3580 postremo
1062 3481 1479 3579 incipiamus,
1532 3482 1925 3563 Zenodotus
1975 3484 2341 3557 scribebat·

979 3635 1172 3707 τοῖσι
1250 3629 1331 3706 δ’
1427 3631 1917 3730 ἀνιστάμενος
1993 3634 2271 3735 μετέφη
2348 3635 2616 3736 κρείων
2680 3635 2901 3739 Ἀγα-

1988 3737 2321 3834 μέμνων,

680 3885 926 3959 omisso
976 3893 1291 3981 sequente
1342 3910 1566 3980 versu,

985 4032 1315 4155 αὐτόθεν
1365 4040 1445 4123 ἐξ
1492 4036 1730 4137 ἕδρης,
1784 4039 1951 4115 οὔδ’
2003 4042 2084 4117 ἐν
2125 4040 2508 4138 μέσσοισιν
2550 4037 2901 4130 ἀναστάς,

685 4214 878 4287 quem
941 4212 1201 4262 versum
1263 4192 1519 4289 recepit
1585 4191 1968 4288 (ἐνέθηκεν
2033 4204 2103 4267 et
2164 4192 2615 4290 παρένέθηκε
2679 4193 2910 4267 dicunt

685 4292 1116 4390 scholiastae)
1168 4293 1621 4366 Aristarchus·
1722 4294 2183 4369 Massaliotica
2228 4305 2445 4368 autem
2495 4304 2565 4368 et
2596 4294 2766 4368 Chia
2792 4319 2905 4389 re-

689 4395 911 4467 censio
960 4393 1084 4467 hos
1136 4417 1364 4467 versus
1412 4396 1815 4470 habueruntz
