3192 4992
571 1373 619 1443 3
1659 1375 1799 1437 ΠΕ

798 1546 1566 1665 GRAECA·
1665 1505 2522 1716 M1NER'VA.
2592 1547 2670 1684 ι)

620 1940 967 2050 Deorum
1039 1997 1202 2070 quos
1256 1969 1508 2047 Graeci
1569 1971 1836 2045 coluere
1900 1970 2360 2068 generationes
2425 1969 2506 2042 ab
2556 1965 2855 2054 Hesiodo

632 2077 911 2172 aliisque
962 2075 1179 2172 poetis
1230 2075 1326 2147 ita
1376 2077 1530 2147 sunt
1579 2073 1963 2170 expositae,
2017 2093 2241 2145 omnes
2295 2073 2387 2145 dii
2437 2082 2512 2145 ut
2560 2073 2733 2145 inter
2779 2095 2857 2143 se

631 2202 827 2249 unam
878 2186 1140 2274 gentem
1193 2200 1232 2246 a
1284 2175 1608 2250 communi
1660 2175 1867 2271 stirpe
1919 2183 2306 2272 prognatam
2357 2173 2686 2264 efficiant,
2749 2180 2858 2244 te-

632 2280 904 2375 nuitque
957 2299 1036 2350 ea
1087 2276 1309 2375 opinio
1336 2278 1732 2349 'universam
1784 2274 2176 2369 Graeciam,
2242 2284 2588 2373 postquam
2640 2275 2859 2346 diver-

637 2406 750 2454 sae
801 2380 1100 2453 nationes
1162 2380 1233 2452 in
1284 2404 1481 2451 unum
1545 2379 1862 2476 populum
1927 2403 2117 2475 quem
2169 2376 2516 2472 G'rraecum¹
2553 2393 2857 2450 vocamus

636 2483 1039 2556 coaluerant.
1140 2481 1236 2552 At
1301 2507 1425 2553 nec
1489 2504 1827 2552 numerum
1890 2487 2024 2552 tam
2086 2503 2389 2575 magnum
2440 2479 2644 2551 fuisse
2699 2479 2860 2549 deo-

634 2609 781 2655 rum
831 2584 1053 2655 statim
1104 2606 1144 2651 a
1194 2582 1548 2677 principio,
1605 2605 1817 2676 neque
1851 2581 2279 2678 cognationes
2332 2604 2412 2652 ac
2460 2581 2682 2652 munia
2730 2589 2860 2652 tam

640 2684 938 2758 ordinate
1006 2682 1289 2752 describi
1353 2683 1651 2777 potuisse
1718 2689 2013 2777 apertum
2078 2691 2216 2755 este
2289 2682 2511 2778 potius
2568 2689 2644 2753 ut
2693 2682 2860 2753 aliae

642 2793 837 2880 atque
891 2782 1060 2852 aliae
1113 2781 1423 2878 deinceps
1490 2789 1722 2878 gentes
1782 2783 1918 2853 suis
1973 2807 2264 2880 quaeque
2316 2808 2462 2856 cum
2514 2784 2641 2856 diis
2691 2783 2863 2855 inter

587 2905 590 2910 ·
641 2909 716 2957 se
769 2882 1311 2956 consociabantur
1360 2883 2097 2980 commiscebanturque,
2149 2885 2245 2957 ita
2295 2885 2565 2957 deorum
2607 2908 2862 2982 quoque
2971 2963 2978 2971 ,

645 3011 809 3082 quos
877 2985 1114 3081 quique
1168 3008 1390 3056 secum
1440 2985 1819 3056 attulissent
1882 2986 2064 3057 credi
2113 2995 2350 3084 coepta
2400 2995 2503 3059 est
2555 2987 2865 3083 quaedam

516 3118 521 3123 ·
645 3087 922 3184 originis
990 3093 1105 3157 aut
1167 3084 1507 3159 affinitatis
1575 3111 1723 3159 esse
1788 3088 2192 3160 coniunctio.
2307 3086 2493 3161 Satis
2542 3090 2751 3160 multa
2797 3088 2866 3160 in

647 3213 791 3262 eam
839 3213 979 3260 rem
1030 3189 1335 3284 exempla
1385 3195 1652 3260 exstant
1701 3188 1995 3280 deorum,
2062 3215 2226 3286 quos
2274 3190 2413 3262 illis
2464 3190 2865 3288 temporibus

646 3316 922 3389 quorum
974 3297 1217 3362 certam
1268 3287 1579 3362 habemus
1633 3290 1933 3361 notitiam
1984 3315 2072 3362 ex
2105 3292 2475 3388 peregrinis
2518 3292 2869 3389 religioni·-

644 3395 767 3466 bus
818 3398 1164 3487 susceptos
1216 3391 1498 3463 scimus:
1567 3391 1685 3463 sed
1748 3392 2099 3464 monstrari
2160 3401 2441 3489 possunt
2491 3393 2622 3465 alia
2672 3394 2869 3467 etiam

646 3496 719 3566 in
783 3492 1220 3565 remotissima
1290 3493 1703 3589 antiquitate.
1824 3492 2119 3585 Quorum
2187 3495 2268 3566 de
2333 3519 2465 3567 uno
2532 3496 2868 3592 explicare

656 3595 804 3666 volo
856 3591 1047 3664 valde
1098 3594 1528 3686 memorabili,
1584 3594 1757 3689 quod
1805 3595 1875 3667 in
1927 3620 2049 3689 eo,
2103 3596 2164 3668 si
2213 3621 2357 3669 mea
2406 3621 2510 3668 me
2559 3622 2693 3670 uon
2742 3597 2871 3669 fal-

650 3696 736 3767 lit
786 3695 1038 3792 opinio,
1088 3694 1158 3767 in
1210 3718 1468 3767 cassum
1519 3720 1667 3768 sese
1717 3696 1989 3768 iactavit
2042 3698 2316 3770 verbosa
2348 3699 2872 3796 mythologorum

654 3795 1006 3868 industria.
1106 3794 1482 3868 Minervam
1543 3795 1735 3890 dico,
1800 3823 1936 3871 non
1995 3799 2208 3871 minus
2273 3799 2623 3873 verendam
2688 3801 2873 3872 deam

659 3897 741 3970 de
793 3920 874 3969 ea
925 3896 1316 3989 dicentibus,
1366 3921 1451 3970 ne
1503 3898 1660 3994 quid
1710 3907 1824 3971 aut
1869 3900 2078 3972 invita
2127 3910 2242 3973 aut
2291 3925 2515 3974 crassa
2563 3903 2872 3999 pinguive

582 3991 587 4004 ⁴
662 3998 915 4072 dixisse
963 3999 1399 4096 reperiantur,
1453 4024 1646 4096 quam
1692 4000 2022 4074 inimicam
2071 4003 2480 4100 gloriationi,
2531 4028 2699 4102 quae
2735 4004 2875 4077 filia

664 4097 1074 4192 stoliditatis,
1123 4109 1334 4173 mater
1382 4110 1601 4175 autem
1649 4102 2038 4179 rusticitatis
2090 4112 2218 4177 est.

842 4387 902 4472 ι)
943 4388 1102 4449 Edita
1141 4398 1223 4450 est
1263 4411 1313 4451 a.
1359 4388 1543 4453 1832.
