3192 4992
908 377 1498 440 EMENDATIoNES
1537 378 2011 440 PINDARICAE.
2447 377 2572 445 153
2616 431 2620 444 .

953 546 1341 641 μαντεῖον·

951 653 1061 743 τῷ
1111 644 1238 721 καὶ
1284 642 1824 742 Λακεδαίμονι.
1893 725 1903 734 ‚

873 750 1391 843 ῥανθεῖσαν,

950 844 1230 944 κώμων
1276 849 1364 922 θ’
1422 842 1965 943 ὑποχεύμασιν.

853 991 857 996 ·
951 956 1070 1024 Κα
1074 954 1281 1047 ρνεῖα

956 1053 1039 1127 ἐν
1088 1049 1301 1126 δαιτὶ
1338 1046 1750 1148 σεβίζομεν.

351 1198 507 1274 Νοιι
554 1193 1017 1300 negligendum
1070 1210 1212 1295 est,
1297 1201 1538 1299 quod
1515 1228 1586 1273 ιιι
1635 1200 1969 1300 plerisque
2022 1202 2310 1298 strophis
2360 1202 2571 1275 inter-
2645 1211 2657 1220 ’

352 1305 621 1400 punctio
690 1329 945 1401 quoque
1011 1306 1367 1377 subsistere
1417 1328 1646 1376 vocem
1709 1303 1779 1374 in
1828 1302 1957 1374 fine
2008 1304 2326 1386 brevioris
2376 1306 2570 1376 istius

275 1391 294 1412 χ
359 1406 666 1477 versiculi
713 1408 1045 1506 postulat,
1101 1407 1399 1503 quodque
1451 1393 1687 1501 ubique
1739 1406 1960 1500 magni
2009 1406 2319 1502 ponderis
2375 1407 2570 1477 verba
2610 1417 2616 1430 “
2663 1413 2667 1420 “

355 1530 505 1578 eum
551 1508 770 1579 locum
820 1516 1070 1599 tenent,
1121 1517 1197 1581 ut
1245 1507 1580 1604 aptissime
1630 1506 1964 1578 retardato
2000 1531 2414 1579 numerorum
2461 1508 2571 1579 in-

356 1631 548 1681 cessu
598 1608 1039 1705 proferantur.

1098 1809 1549 1882 PYTH.
1668 1807 1818 1882 VI.
2570 1807 2669 1880 23

554 1958 640 2032 In
690 1960 1081 2058 explicando
1133 1962 1311 2034 sexti
1364 1961 1671 2034 e'arminis
1713 1960 1989 2035 exordio
2032 1961 2230 2035 facile
2272 1961 2433 2034 mihi
2461 1984 2574 2035 as-

357 2085 665 2135 sensuros
717 2075 954 2160 spero,
1028 2063 1140 2159 qui
1203 2065 1505 2159 poeticae
1571 2062 1878 2135 dictionis
1945 2057 2265 2136 rationem
2329 2064 2571 2136 habere

357 2162 616 2255 volent,
690 2165 750 2236 si
797 2188 1165 2261 repugnare
1217 2165 1346 2236 sibi
1379 2166 1630 2236 -dixero
1680 2164 2132 2256 Boeokhinm,
2213 2165 2324 2260 qui
2376 2190 2572 2260 quum

267 2325 276 2335 .
357 2273 535 2336 reete
586 2267 949 2356 monuerit,
1024 2263 1369 2362 ὀμφαλὸν
1431 2291 1563 2339 ιιοιι
1630 2290 1776 2337 esse
1842 2266 1924 2337 de
1987 2265 2208 2363 lapide
2272 2266 2393 2337 illo
2460 2265 2573 2361 qui

161 2409 174 2426 «
252 2419 260 2425 -
355 2366 623 2465 proprie
673 2368 770 2438 ita
820 2366 1159 2438 dicebatur
1206 2366 1730 2462 intelligendum,
1784 2368 1902 2438 sed
1954 2368 2033 2437 de
2085 2366 2370 2462 Delphis
2419 2367 2574 2438 uni-

357 2468 622 2558 versim,
673 2468 956 2562 iterque,
1010 2466 1184 2562 quod
1233 2466 1526 2539 nominat
1570 2474 1795 2562 poeta,
1847 2469 2083 2538 mentis
2122 2490 2271 2539 esse
2307 2490 2386 2538 ea
2422 2468 2575 2539 loca

358 2569 488 2640 sibi
536 2569 1116 2664 repraesentantis,
1167 2578 1384 2639 tamen
1435 2567 1673 2639 deinde
1724 2569 2006 2640 scribat.
2071 2566 2273 2641 idem
2312 2571 2574 2641 autem

356 2671 491 2742 ille
540 2667 987 2759 thesaurus,
1060 2694 1121 2742 e.
1172 2665 1502 2763 hymnus
1564 2694 1803 2795 quum
1850 2668 2169 2742 dicatur
2218 2671 2299 2743 ἐν
2348 2675 2575 2742 πολυ-

353 2764 611 2867 χρύσῳ
646 2767 1099 2866 Ἀπολλωνίᾳ
1145 2765 1352 2865 νάπᾳ
1389 2769 1864 2863 τετειχίσθαι,
1915 2793 2222 2844 neeesse
2249 2782 2365 2843 eet
2396 2795 2574 2844 ear·

357 2895 533 2945 men
599 2869 711 2944 ibi
770 2873 1110 2945 cantari.
1230 2872 1358 2945 De
1405 2870 1863 2991 Ἀπολλωνίᾳ
1921 2866 2119 2966 νάπῃ
2183 2870 2581 2972 disputavi

329 2971 477 3060 ad
515 2999 583 3048 υ.
638 2976 759 3047 23.
811 2998 1016 3074 seqq.
1080 2969 1219 3046 ubi
1274 2975 1577 3047 conieci
1636 2978 2090 3093 contiguam
2154 2996 2326 3046 eam
2374 2997 2578 3069 neoc-7

357 3070 564 3171 βόλῳ
593 3076 878 3171 fedane,
932 3099 1157 3174 quem
1207 3099 1319 3147 ex
1355 3084 1597 3175 parte
1647 3077 2006 3175 cingeret
2048 3084 2128 3147 et
2171 3074 2577 3193 amplecte-

358 3187 622 3249 retur.-
696 3175 910 3303 quod
962 3177 1121 3249 nisi
1176 3177 1547 3249 statueris
1560 3228 1583 3264 ,
1657 3177 2062 3273 explicari
2105 3176 2377 3274 nequit
2421 3175 2575 3299 epi-

319 3276 618 3351 theton
640 3272 1125 3398 πολύχρυσος
1179 3273 1287 3350 ab
1338 3301 1539 3349 auro
1601 3279 1686 3350 in
1750 3275 2135 3350 thesauris
2183 3269 2578 3371 περιβόλου

364 3390 440 3452 et
488 3381 573 3452 in
619 3381 785 3479 ipso
836 3381 1114 3478 templo
1163 3377 1484 3451 ductum
1533 3377 1964 3505 mamfhste.
2067 3377 2342 3477 Neque
2374 3378 2578 3449 enim

362 3478 676 3578 maffia-it
714 3493 1021 3554 notasse
1070 3478 1489 3575 Pythonem
1537 3474 2002 3576 πολύχρυσον
2050 3477 2214 3551 diez·
2219 3530 2246 3568 ,
2309 3489 2403 3549 ut
2446 3503 2577 3577 aq).

362 3581 718 3683 Sopkoel.
765 3580 948 3656 θοαί.
1000 3583 1089 3655 Τ.
1129 3584 1296 3657 151.
1350 3579 1494 3654 sed
1534 3584 1610 3655 εἰ
1637 3576 2089 3655 Απολλωνία
2137 3575 2335 3674 νάπη
2373 3604 2578 3680 pare

363 3684 459 3755 P
426 3682 733 3778 ιχιἸιοηεε
759 3696 902 3775 est,
954 3679 1179 3756 debet
1210 3685 1696 3783 investigari,
1751 3679 2118 3783 quomodo
2150 3679 2332 3753 lenio
2352 3681 2584 3775 pao-ti

362 3788 399 3857 i
448 3810 564 3858 em
598 3784 813 3885 quod
830 3788 1241 3864 universae
1263 3781 1447 3856 urbi
1473 3783 1853 3882 epitheton
1881 3785 2306 3856 conveniat.
2354 3781 2579 3880 Aper-

353 3896 502 3959 -tum
565 3896 669 3960 est
733 3888 904 3959 enim
966 3910 1099 3958 ιιοιι
1148 3894 1330 3958 reete
1383 3888 1758 3958 conclusam
1806 3885 2125 3958 rationem
2176 3908 2360 3956 esse·
2427 3909 2577 3959 nam

368 3989 427 4060 si
478 3970 814 4085 ὃμφαλὸζ·
860 4012 1015 4084 pars
1043 4012 1166 4084 pro
1203 3995 1345 4060 toto
1382 3988 1513 4060 diei
1539 3988 1781 4084 potuit,
1833 3986 2058 4112 quidni
2087 3985 2282 4059 etiam
2316 3985 2587 4060 'Anok-

352 4087 599 4164 -λωνία
646 4086 892 4209 νάπηὲ
990 4088 1088 4161 Et
1153 4091 1213 4160 si
1255 4089 1572 4185 templum
1623 4096 1728 4161 est
1776 4081 2277 4183 πολύχρυσον,
2336 4086 2576 4183 quidni

367 4192 565 4265 etiam
616 4194 823 4266 omnis
873 4193 1088 4282 loeus,
1138 4191 1211 4261 in
1261 4216 1391 4286 quo
1442 4198 1545 4263 est
1586 4182 1953 4286 templum?
2016 4212 2164 4261 nam
2211 4197 2400 4284 parte
2450 4211 2573 4284 pro

369 4300 509 4368 toto
560 4296 889 4368 nominata
940 4294 1138 4365 etiam
1188 4293 1480 4398 epitheta
1527 4292 1612 4364 ad
1662 4299 1874 4366 totum
1920 4289 2315 4380 referuntur,
2367 4297 2576 4361 testa-

348 4405 608 4496 tul-que
665 4396 828 4469 satis
895 4393 1071 4492 quod
1136 4396 1404 4468 allatum
1468 4401 1573 4467 est
1637 4417 1723 4467 ex
1776 4389 2115 4491 Sophocle
2179 4390 2573 4488 exemplum.
