3192 4992
939 377 1041 439 m:
1085 379 1377 440 omem
1421 343 1938 443 maurusius.
2426 375 2553 450 ιω

334 543 552 617 redire
597 543 680 616 ad
732 544 1000 636 omissa,
1052 552 1168 617 aut
1213 545 1457 618 iterare
1507 551 1579 618 et
1617 551 1947 665 repetere,
2000 569 2168 643 quae
2200 545 2337 620 iam
2368 548 2549 622 dicta

337 653 556 720 orant.
627 669 791 741 quo
786 646 1231 719 confunditur
1291 655 1361 718 et
1421 647 1848 744 perturbatur
1907 647 1969 719 is
2036 647 2147 746 qui
2211 637 2395 722 au'dit
2441 651 2551 722 le-

331 748 532 844 gitve,
584 755 684 838 ut,
736 748 994 819 etiamsi
1041 748 1383 822 verissima
1416 748 1695 838 dixeris,
1747 755 1864 820 aut
1909 746 2082 822 falsa
2131 748 2385 823 dixisse
2433 752 2592 828 vhe

330 849 549 940 deam,
602 855 720 921 aut
762 850 1159 946 intelligaris
1210 871 1411 947 aegre
1462 857 1532 922 et
1580 849 1962 922 difficulter.

525 961 827 1037 Maxime
877 990 1037 1039 vero
1089 966 1285 1048 etiam
1336 966 1745 1064 simplicitati
1796 987 2064 1065 operam
2113 966 2272 1041 dare
2302 991 2548 1042 conve-

326 1065 463 1156 nit,
527 1090 659 1141 nou
713 1068 923 1139 solum
990 1068 1061 1140 in
1109 1068 1390 1141 dicendo
1456 1067 1972 1166 scribendoque,
2043 1067 2163 1141 sed
2228 1069 2426 1142 etiam
2472 1072 2546 1144 in

321 1168 867 1265 interpretatione
916 1170 1089 1262 ipsa.
1189 1168 1359 1242 Nam
1403 1194 1597 1266 quum
1634 1170 1704 1241 id
1745 1170 2022 1243 velimus
2047 1159 2543 1269 interpretando

323 1268 632 1370 efficere,
683 1277 760 1342 ιιι
806 1269 948 1356 id,
925 1296 1141 1369 ipsum
1195 1271 1366 1369 quod
1419 1271 1688 1368 scripsit
1734 1269 2060 1369 scriptor,
2132 1293 2344 1369 eoque
2392 1272 2544 1370 ipso

319 1371 519 1443 modo
568 1371 984 1468 intelligatur
1032 1398 1160 1470 quo
1222 1374 1340 1445 ille
1391 1372 1601 1445 voluit
1645 1372 1974 1470 intelligi.
2040 1371 2408 1447 certissima
2456 1369 2543 1446 ad

318 1470 392 1542 id
441 1474 973 1569 consequendum
1013 1499 1093 1547 ea
1123 1474 1231 1546 via
1271 1481 1397 1566 est,
1453 1496 1618 1572 quae
1648 1482 1753 1547 est
1779 1474 2193 1572 planissima,
2241 1480 2336 1569 et,
2388 1475 2569 1572 quia·

316 1579 509 1644 recta
570 1575 975 1693 porrigitur,
1046 1575 1460 1647 brevissima.
1563 1576 1712 1668 Quo
1782 1577 1852 1649 in
1919 1599 2162 1673 genere
2227 1600 2268 1649 a
2315 1573 2542 1649 multis

314 1675 590 1771 peccari
643 1675 957 1768 videmus,
1010 1701 1282 1774 quorum
1331 1678 1661 1770 nonnulli,
1710 1677 1913 1751 nimio
1963 1675 2346 1751 subtilitatis
2397 1686 2544 1751 stu-

167 1814 172 1821 ·
316 1775 432 1847 dio
487 1799 621 1848 non
670 1778 996 1850 contenti
1012 1788 1166 1851 sunt
1214 1802 1322 1870 eo,
1376 1778 1550 1875 quod
1603 1779 1821 1852 statim
1875 1780 2110 1877 cuique
2157 1779 2230 1851 in
2260 1787 2545 1853 mentem

316 1876 582 1969 veniat,
648 1877 767 1951 sed
817 1903 1076 1977 semper
1124 1880 1375 1977 aliquid
1426 1880 1706 1979 amplius
1755 1888 1826 1954 et
1874 1881 2086 1978 magis
2133 1879 2542 1954 reconditum

315 1987 681 2076 quaerunt·
749 2004 914 2075 quae
966 1990 1071 2054 est
1117 1982 1520 2079 perversitas
1573 1982 1890 2079 quaedam
1930 1982 2161 2056 iudicii
2195 1990 2392 2088 atque
2423 1982 2544 2055 de·

313 2075 584 2171 bilitas,
652 2081 861 2154 aciem
912 2083 1149 2155 mentis
1199 2083 1271 2155 in
1318 2083 1589 2158 minutis
1640 2084 1974 2181 defigens,
2025 2084 2276 2156 maiora
2325 2092 2544 2157 autem

312 2188 384 2251 et
432 2204 517 2252 ea
578 2181 651 2252 in
715 2183 951 2280 quibus
1016 2184 1219 2257 cardo
1284 2184 1386 2256 rei
1450 2186 1733 2258 vertitur
1792 2209 1926 2258 non
1977 2185 2544 2274 animadvertens3

311 2281 432 2353 alii
499 2306 661 2355 vero
714 2285 1131 2381 opinionibus
1199 2284 1582 2382 quibusdam
1649 2296 1719 2360 et
1765 2286 2208 2384 propensione
2259 2285 2342 2357 ad
2393 2309 2546 2358 ecr-

309 2391 416 2455 tas
468 2407 584 2457 res
638 2387 858 2481 capti,
929 2409 1044 2457 eas
1107 2411 1219 2458 res
1268 2387 1508 2483 ubique
1559 2388 1868 2487 ingerunt
1916 2395 2111 2482 atque
2164 2385 2544 2478 obtrudunt,

307 2493 386 2557 ut
438 2507 531 2556 ex
586 2486 819 2581 quibus
871 2487 1295 2584 praecipuum
1347 2486 1671 2607 quoddam
1721 2489 1941 2560 lumen
1991 2488 2083 2561 sit
2114 2486 2545 2584 sperandum·

307 2586 495 2683 quod
563 2585 814 2659 faciunt
875 2587 1074 2660 hodie
1136 2589 1243 2659 illi
1303 2589 1758 2685 potissimum,
1843 2589 1955 2686 qui
2020 2587 2547 2685 archaeologiam

306 2710 512 2785 quam
565 2701 806 2761 vocant
846 2689 1147 2785 cupidius
1199 2689 1514 2786 amplexi,
1566 2690 1764 2762 modo
1813 2714 1918 2781 ea,
1971 2709 2136 2786 quae
2185 2690 2426 2786 ubique
2478 2698 2548 2761 et

309 2789 495 2861 omni
546 2796 844 2886 tempore
896 2791 1101 2883 fiunt,
1160 2791 1240 2862 ab
1293 2791 1580 2900 antiquis
1633 2791 2011 2887 quibusdam
2060 2791 2549 2864 institutisrc-
2434 2813 2549 2863 re-

304 2898 593 2988 petunt,
658 2890 856 2964 modo
906 2916 1073 2988 quae
1122 2915 1468 2989 numquam
1519 2899 1590 2964 et
1638 2915 1952 2989 nusquam
2004 2891 2182 2965 facta
2232 2899 2386 2966 sunt
2434 2899 2549 2965 aut

306 2998 681 3090 potuerunt
745 2989 935 3083 fieri,
999 2994 1134 3090 ipsi
1196 2994 1604 3090 confingunt.
1729 2992 2034 3091 Denique
2095 2994 2255 3065 suut
2316 2989 2543 3086 etiam,

308 3095 426 3193 qui
479 3094 663 3192 quod
715 3117 847 3166 non
897 3096 1059 3167 satis
1100 3102 1550 3192 coguoverunt
1581 3095 1918 3192 ingenium
1951 3095 2386 3192 antiquitatis,
2440 3095 2550 3168 sui

309 3198 529 3269 seculi
586 3195 974 3292 sapientiam
1034 3196 1106 3268 in
1154 3204 1414 3269 veteres
1463 3197 1829 3294 scriptores
1877 3196 2237 3268 inferunt
2181 3247 2206 3287 ,
2275 3217 2548 3292 eamque

306 3298 558 3371 deinde
603 3297 880 3417 antiqua
929 3306 1113 3370 veste
1161 3297 1452 3369 indutam
1484 3319 1747 3370 rursum
1791 3298 1862 3370 in
1891 3297 2107 3370 lucem
2144 3296 2545 3394 producunt,

307 3398 700 3491 miraturis,
768 3399 831 3471 si
876 3399 1098 3472 redire
1162 3399 1246 3472 ab
1310 3397 1542 3471 inferis
1594 3398 2034 3491 concedatur,
2112 3398 2356 3497 priscis
2404 3397 2547 3471 illis

308 3502 556 3574 animis
609 3501 893 3576 maiores
930 3523 1083 3574 suas
1126 3521 1316 3599 quam
1350 3498 1763 3599 Euphorbi
1741 3525 1812 3573 ιιι
1837 3499 2285 3598 Pythagoram
2323 3489 2570 3574 trans-⁸·

307 3602 783 3703 figurationes.

518 3735 877 3814 Postremo
941 3761 1135 3835 quum
1201 3734 1569 3835 exigimus,
1648 3742 1724 3809 ιιι
1773 3736 1970 3811 etiam
2034 3742 2187 3833 apte
2252 3735 2545 3833 explicet

307 3839 693 3938 interpres,
762 3838 890 3911 hoc
924 3839 1275 3958 Uvolumus,
1355 3846 1432 3911 ιιι
1490 3838 1611 3910 ille
1661 3863 1741 3911 eo
1808 3863 2050 3937 genere
2102 3837 2542 3938 expositionis

307 3952 571 4035 utatur,
624 3938 797 4038 quod
847 3938 949 4011 rei
998 3941 1232 4039 cuique
1286 3937 1845 4015 accommodatum
1894 3948 1997 4013 est
2027 3942 2125 4041 ⁴).
2221 3938 2307 4013 Id
2357 3965 2542 4014 com-

489 4243 555 4329 ⁴)
612 4239 717 4307 His
757 4250 928 4307 verbis
968 4247 1098 4307 nihil
1141 4249 1384 4325 explicari
1424 4251 1654 4325 queritur
1675 4245 1992 4317 Boeckhius,
2033 4244 2128 4305 sed
2168 4206 2411 4325 cognosci
2452 4242 2538 4304 de-

306 4338 451 4404 bere,
497 4333 624 4409 quid
663 4331 832 4391 dicere
868 4333 1135 4404 voluerim,
1177 4351 1244 4391 ex
1283 4334 1552 4409 exemplis.
1636 4330 1721 4390 Ita
1761 4347 1870 4390 este
1919 4332 2156 4390 nolebam
2197 4334 2333 4389 euim
2362 4331 2537 4407 signa·

308 4425 421 4479 tius
465 4424 652 4478 notare
691 4437 809 4492 eos,
860 4420 951 4497 qui
979 4418 1083 4480 rel
1124 4437 1255 4499 euge
1304 4420 1491 4496 ubique
1532 4417 1878 4490 clamitarent,
1925 4417 2011 4476 vel
2051 4418 2227 4475 acui
2268 4413 2541 4475 cuiusdam
