3192 4992
677 311 806 382 m
1306 314 1408 376 DE
1450 313 1831 377 APOLLINE
1869 312 1973 374 ET
2013 311 2278 374 mANA.

676 459 828 598 phis
877 465 1234 556 acciderat.
1334 479 1517 558 Illud
1567 487 1750 554 certe
1798 478 1996 552 nimis
2041 477 2392 552 ridiculum
2443 431 2586 569 est,
2649 475 2905 550 infero-

668 593 821 658 =rum
873 584 1064 656 deum
1112 582 1245 655 isto
1295 583 1557 655 nomine
1592 581 1953 678 designari.
2053 579 2378 652 Reversis
2408 602 2566 660 vero
2596 576 2904 675 Delphos

678 686 1017 808 Apollinis
1066 683 1455 775 cultoribus,
1505 682 1574 754 id
1629 682 1803 780 quod
1839 706 1927 754 ex
1963 680 2310 778 Euripidis
2345 681 2659 771 carmine,
2713 680 2903 753 cuius

681 797 881 884 supra·
928 786 1320 858 mentionem
1371 785 1674 876 fecimus,
1727 783 2012 880 intelligi
2063 785 2323 880 potest,
2375 781 2575 854 facile
2624 790 2902 878 apparet

630 891 800 962 Scar
847 887 917 978 in
966 887 1365 959 memoriam
1390 886 1574 958 illius
1626 887 1968 1003 temporis,
2035 910 2164 981 quo
2216 883 2479 981 Tempe
2529 891 2899 974 tenuerant,

677 992 943 1062 laureae
992 988 1149 1061 inde
1198 988 1278 1059 ab
1328 987 1616 1085 Delphis
1679 987 1927 1085 petitae
1985 1009 2393 1083 pompaeque
2443 985 2609 1056 illuc
2654 983 2901 1057 suerint

680 1091 1022 1163 deductae.
1123 1087 1511 1186 Eodemque
1572 1088 1902 1186 pertinet,
1973 1087 2148 1184 quod
2195 1086 2450 1183 Delphi
2513 1085 2900 1182 antiquissi-

677 1218 851 1265 mum
915 1191 1087 1288 apud
1150 1216 1225 1263 se
1290 1191 1604 1288 templum
1666 1213 1886 1263 casam
1948 1187 2417 1284 exsTempica
2481 1188 2676 1259 lauru
2737 1211 2901 1259 con-

677 1300 994 1367 structam
1041 1292 1248 1365 fuisse
1299 1291 1779 1382 memorabant,
1852 1300 1927 1362 ut
1975 1289 2344 1363 Pausanias
2407 1289 2616 1361 refert
2664 1288 2769 1360 X.
2820 1291 2896 1380 5,

675 1397 752 1469 9.
790 1385 1136 1486 'confusis,
1209 1404 1285 1466 ut
1349 1393 1645 1484 videtur,
1709 1393 1830 1464 illo
1897 1393 2203 1489 tugurio,
2278 1390 2451 1488 quod
2518 1390 2732 1488 prima
2792 1390 2900 1462 in-

679 1497 944 1569 vasione
1008 1497 1090 1567 ab
1142 1495 1409 1567 advenis
1462 1502 1868 1570 exstructum
1932 1494 2067 1592 ipsi
2129 1493 2558 1566 incenderant
2617 1491 2895 1588 Delphi,

677 1606 744 1670 et
792 1623 917 1690 eo,
944 1633 957 1688 g
987 1597 1161 1694 quod
1224 1596 1421 1668 iidem
1452 1599 1459 1612 '
1489 1596 1777 1668 advenae
1841 1595 2275 1668 condiderunt
2335 1601 2572 1691 postea
2619 1594 2897 1665 reversi.

673 1699 888 1773 Recte
940 1722 1102 1795 ergo
1152 1696 1529 1790 Hoeckium
1592 1696 1920 1770 iudicasse
1973 1720 2312 1769 censemus
2325 1747 2351 1787 ,
2425 1696 2539 1792 qui
2587 1720 2760 1787 non,
2826 1703 2897 1772 ut

677 1801 819 1892 alii,
872 1799 1161 1896 Tempe,
1213 1799 1330 1871 sed
1370 1799 1676 1896 Delphos
1727 1822 1875 1871 eum
1909 1796 2239 1871 Graeciae
2287 1799 2508 1870 locum
2559 1821 2708 1869 esse
2758 1804 2897 1869 sta·

675 1902 827 1993 tuit,
874 1901 950 1972 in
1002 1926 1130 1997 quo
1182 1901 1394 1998 primo
1447 1925 1639 1973 sacra
1686 1898 2022 2018 Apollinis
2073 1899 2319 1971 fuerint
2366 1898 2751 1974 constituta.

873 2000 1274 2075 Perventum
1324 2009 1427 2074 est
1476 2001 1560 2073 ad
1611 2002 2056 2099 quaestionem
2105 2001 2674 2091 obscurissimam,
2725 1999 2894 2073 unde

675 2105 931 2177 venerit
978 2103 1255 2201 Apollo.
1356 2102 1714 2176 Nominant
1760 2101 2259 2199 Hyperboreos.
2375 2101 2743 2174 Pausanias
2789 2102 2893 2175 X.

675 2207 752 2296 5,
804 2209 879 2280 7.
957 2202 1165 2278 Βοιώ
1203 2201 1298 2287 δε
1349 2202 1702 2300 ἐπιχωρία
1763 2202 1955 2306 γυνὴ
2004 2200 2373 2300 ποιήσασα
2420 2201 2670 2297 ὕμνον
2716 2207 2894 2277 Δελ-

674 2311 845 2402 φοῖς
892 2306 1033 2404 ἔφη
1082 2300 1794 2400 κατασκευάσασθαι
1841 2304 1928 2380 τὸ
1975 2311 2329 2400 μαντεῖον
2375 2312 2488 2401 τῷ
2527 2305 2695 2400 θεῷ
2726 2301 2894 2387 τοὺς

672 2406 1173 2506 ἀφικομένους
1222 2410 1302 2491 ἐξ
1339 2406 1843 2536 Ὑπερβορέων
1888 2403 2064 2491 τούς
2094 2435 2173 2482 τε
2206 2407 2472 2489 ἄλλους
2504 2405 2632 2479 καὶ
2645 2405 2892 2534 Ωλῆ-

671 2517 807 2585 να·
872 2517 1147 2583 τοῦτον
1208 2507 1290 2583 δὲ
1353 2508 1481 2583 καὶ
1539 2505 2117 2604 ’μαντεύσασθαι
2180 2534 2481 2604 πρωτον
2543 2505 2670 2581 καὶ
2717 2503 2892 2603 ᾆσαι

671 2616 971 2709 πρῶτον
1016 2608 1105 2683 τὸ
1156 2606 1587 2707 ἑξάμετρον·
1633 2611 1991 2706 πεποίηκε
2039 2607 2125 2685 δὲ
2173 2608 2219 2706 ἡ
2269 2606 2478 2684 Boreo
2523 2604 2807 2684 τοιάδε·

874 2759 1070 2833 ἔνθα
1117 2786 1231 2833 τοι
1281 2759 1701 2854 εὔμναστον
1745 2758 2192 2858 χρηστήριον
2241 2760 2703 2835 ἕκτελέσαντο

840 2858 1132 2945 παῖδες
1167 2858 1668 2960 Ὑπερβορέων
1706 2862 2067 2966 Παγασὸς
2112 2891 2238 2938 και
2287 2861 2446 2945 δῖος
2481 2856 2842 2965 Ἀγυιεύς·

671 3015 1198 3109 ἐπαριθμοῢσα
1246 3011 1331 3088 δὲ
1379 3012 1507 3089 καὶ
1554 3013 1823 3099 ἄλλους
1869 3021 2026 3090 τῶν
2048 3014 2564 3144 Ὑπερβορέων
2611 3012 2733 3089 ἐπὶ
2776 3042 2890 3089 τε-

596 3222 601 3225 .
670 3122 886 3213 λευτῇ
934 3122 1072 3189 τοῦ
1119 3113 1366 3212 ὕμνου
1414 3114 1551 3192 τὸν
1585 3115 1868 3214 Ὠλῆνα
1918 3113 2342 3215 ὠνόμασεν·

856 3261 1091 3362 Ὠλήν
1140 3266 1264 3356 θ’,
1317 3266 1395 3351 ὂς
1444 3268 1694 3395 γένετο
1743 3276 2032 3365 πρῶτος
2064 3267 2381 3363 Φοίβοιο
2430 3262 2843 3395 προφατας,

872 3374 1163 3469 πρῶτος
1211 3366 1285 3443 δ’
1346 3368 1679 3466 ἀρχαίων
1728 3369 1961 3445 ἐπέων
2007 3367 2387 3446 τεκτάνατ’
2449 3364 2742 3444 ἇοιὸαν.

672 3521 878 3595 Oleni
926 3545 1164 3594 nomen
1228 3545 1269 3593 a
1319 3522 1499 3594 tibiis
1549 3524 1927 3620 impositum
1989 3524 2198 3596 ,videri
2254 3524 2414 3598 ahbi
2466 3522 2634 3594 dixi.
2754 3520 2892 3593 Pa-

670 3624 837 3719 gasi
884 3633 953 3696 et
998 3624 1243 3720 'Agyiei
1304 3625 1567 3697 nomina
1632 3625 1852 3697 defixa
1913 3625 1983 3697 in
2053 3625 2211 3699 vicis
2277 3634 2346 3697 et
2409 3614 2651 3721 plateis
2703 3623 2890 3719 signa

668 3725 782 3796 dei
831 3725 1208 3822 significare
1257 3734 1555 3823 apertum
1597 3735 1726 3799 est·
1828 3726 2085 3799 Eodem
2115 3728 2266 3799 loco
2299 3725 2665 3799 Pausanias
2698 3727 2782 3823 ξ
2809 3724 2889 3802 9-

669 3828 984 3922 templum
1034 3852 1121 3899 ex
1172 3851 1327 3900 cera
1377 3836 1446 3900 et
1495 3829 1740 3948 plumis
1785 3828 2026 3902 factum
2080 3835 2421 3920 memorat,
2474 3828 2663 3900 cuius
2692 3825 2890 3897 etiam

605 4071 611 4088 f
669 3925 2048 4103 zssussssebffimsszffi
2061 3928 2380 4104 ..333
2447 3931 2523 4005 3
2711 3930 2891 4101 ἐξ..

668 4156 816 4203 sum
863 4129 1065 4202 fuerit
1113 4130 1197 4202 ad
1244 4057 1394 4204 gum
1444 4056 1703 4223 lagani,
1751 4032 1872 4205 {illu
1896 4056 2061 4230 ngr
2076 4055 2642 4230 Ρῗοιῑίιιῗιῗθέαέιὲ
2672 4130 2891 4227 Apol-

669 4232 825 4305 linis
858 4231 1197 4351 Delphos
1215 4235 1568 4309 venissent.
1670 4234 1859 4306 Delii
1910 4235 2065 4333 quid
2116 4235 2196 4306 de
2231 4235 2302 4307 H
2308 4233 2682 4332 yperboreis
2731 4256 2890 4306 nar-

552 4335 557 4340 *
670 4336 981 4407 raverint
1025 4336 1317 4408 οιιιιιίιιιιι
1373 4337 1863 4411 accuratissime
1928 4338 2239 4435 exposuit
2300 4336 2685 4411 Herodotus
2747 4332 2884 4405 IV.
