3192 4992
791 366 1071 431 omno
1110 369 1205 437 m,
1234 356 1492 430 sAcRis
1524 368 2071 435 ‘secmARmUa
2418 366 2553 437 417-

321 536 655 613 htiminm
714 537 1011 634 ‘negotiis
1076 536 1428 629 alacritate,
1509 536 1874 630 industria,
1949 539 2178 612 fervor
2237 540 2547 614 accessit.

324 637 567 714 Gratia
610 663 800 735 engo,
854 646 1125 711 aeterna
1174 638 1392 736 gratia
1438 639 1737 711 habenda
1788 648 1892 713 est
1916 639 2214 713 Martino
2241 639 2548 715 Luthero

324 742 595 838 eiusque
642 741 715 812 ἰιι
762 741 886 812 iiio
939 764 1140 836 opere
1191 740 1640 833 adiutoribus,
1693 741 2231 839 gaudendumque
2281 745 2545 836 merito,

324 843 498 941 quod
546 842 951 915 exstiterunt
999 843 1167 915 tales
1218 843 1386 934 viri,
1457 867 1731 939 quorum
1782 843 2111 940 intrepida
2160 845 2548 918 fortitudine

322 954 394 1019 et
438 944 1094 1042 perseverantissima
1144 945 1516 1025 constantia
1565 952 1750 1017 tanta
1790 952 2052 1042 tamque
2082 947 2391 1033 salutaris
2444 938 2550 1018 cf·-

319 1045 635 1120 ficeretur
681 1045 1052 1142 religionis
1077 1046 1380 1143 vitaeque
1412 1037 1715 1119 mutatio.
1814 1047 2187 1119 Attamen‘
2165 1072 2345 1120 mers
2379 1071 2550 1146 gau-0
2673 1084 2684 1093 ν

320 1147 527 1257 dium,
577 1146 819 1244 ignava
865 1147 1122 1219 laetitia
1171 1155 1299 1239 est,
1355 1172 1520 1244 quae
1556 1149 1719 1221 satis
1760 1148 1958 1220 babet
1990 1147 2123 1219 frui
2156 1149 2345 1221 bonis
2376 1150 2552 1221 alio-

317 1250 466 1321 rum
529 1272 736 1346 opera
799 1256 868 1321 et
916 1246 1143 1321 labore
1206 1249 1537 1346 acceptis,
1612 1250 1733 1321 tali
1782 1252 2170 1346 praesertim
2219 1260 2546 1348 tempore,

321 1372 452 1448 quo
500 1349 858 1422 timendum
907 1357 1013 1422 est
1060 1374 1145 1421 ne
1195 1350 1444 1422 frustra
1491 1350 1694 1423 fuerit
1748 1352 1938 1423 labor
1984 1351 2143 1443 ille,
2212 1359 2552 1449 ereptum·-
2651 1443 2661 1453 ἱ

321 1472 450 1549 que
498 1459 690 1524 eatur
737 1459 857 1524 aut
901 1460 1265 1525 marcescat
1313 1440 1632 1524 bonorum
1676 1453 1943 1523 illorum
1985 1452 2266 1526 fructus.
2368 1454 2550 1546 Quid

319 1546 550 1627 enim?
623 1550 734 1627 Si
785 1577 1010 1625 omnes
1061 1553 1236 1625 vires
1288 1552 1768 1626 contendebant
1812 1554 1918 1625 illi
1971 1555 2136 1646 viri,
2188 1557 2283 1634 si,
2297 1557 2548 1629 nullam

317 1652 573 1728 labnn‘s
618 1655 992 1727 molestiam
1040 1654 1503 1752 defugiebant,
1575 1655 1636 1727 si
1688 1678 1935 1727 summa
1985 1658 2285 1752 pericula
2332 1658 2551 1753 impaa
2612 1733 2618 1743 ,

289 1754 459 1828 'vidi
507 1756 814 1829 subibant
861 1781 942 1828 ea
990 1779 1260 1848 caussa,
1332 1766 1409 1829 ut
1471 1757 1554 1828 ad
1619 1781 1839 1829 veram
1900 1759 2214 1854 pietatem
2278 1781 2550 1830 aversos
2651 1796 2658 1803 ·

319 1857 404 1930 ab
461 1880 552 1930 ea
612 1858 868 1930 animos
932 1867 1357 1949 revocarent,
1424 1882 1576 1931 num
1644 1882 1767 1931 nos
1832 1882 1963 1932 non
2030 1859 2221 1931 nobis
2288 1876 2552 1957 quoque

320 1958 572 2056 aliquid
618 1956 940 2056 agendum
989 1953 1417 2055 putabimus?
1477 1985 1632 2032 ιιιιιιι
1686 1984 1816 2033 non
1851 1961 2283 2057 cogitabimus
2322 1984 2549 2033 manes

319 2080 547 2134 eornm
596 2060 725 2132 boe
774 2081 814 2130 a
862 2061 1053 2132 nobis
1103 2085 1384 2158 poscere
1425 2070 1621 2158 atque
1664 2062 2061 2158 efflagitare,
2112 2070 2187 2133 ut
2222 2065 2577 2134 sustineae.

315 2182 487 2253 mus,
537 2160 914 2254 fulciamus,
965 2136 1322 2254 firmemus,
1377 2186 1543 2259 quae
1596 2163 1678 2234 ab
1728 2163 1867 2234 illis
1920 2163 2189 2259 egregie
2238 2165 2551 2237 inchoata
2659 2212 2663 2229 .

316 2270 389 2336 et
437 2263 653 2359 quoad
703 2271 843 2334 tum
891 2272 1157 2360 poterat
1204 2263 1527 2360 perfecta,
1577 2273 1838 2361 postea
1848 2266 2118 2337 mutatis
2151 2286 2369 2336 rerum
2405 2264 2551 2337 for-

315 2365 444 2437 mis
493 2386 617 2462 per
663 2365 1016 2436 multorum
1062 2365 1402 2437 levitatem
1454 2373 1524 2438 et
1573 2365 1998 2462 quorumdam
2046 2367 2548 2463 perversitatem
2685 2440 2694 2451 „

317 2488 694 2557 senescere,
745 2465 1109 2558 labascere,
1162 2466 1247 2537 ad
1296 2467 1549 2539 ruinam
1602 2488 1878 2564 vergere
1917 2463 2337 2565 coeperunt?
2436 2466 2550 2539 Ad

315 2567 448 2641 hoe
510 2568 749 2664 igitur
781 2575 1032 2639 mentes
1096 2575 1360 2640 nostras
1412 2569 1741 2661 adiicere,
1815 2577 1885 2642 et
1932 2594 2063 2641 non
2116 2577 2247 2641 tam
2301 2569 2546 2666 gaudio

314 2690 443 2743 nos
492 2668 761 2760 dedere,
815 2692 1006 2766 quam
1056 2693 1291 2741 curare
1339 2692 1423 2743 ne
1467 2671 1819 2765 dolendum
1859 2670 2050 2743 nobis
2087 2671 2177 2743 sit
2210 2670 2543 2742 debemus.

288 2769 472 2846 'Non
520 2770 695 2842 enim
740 2769 812 2841 in
864 2771 1158 2859 minore,
1207 2771 1326 2843 sed
1375 2773 1582 2844 multo
1632 2774 1703 2844 in
1751 2773 2000 2844 maiore
2050 2772 2426 2845 discrimine
2477 2781 2548 2844 et

314 2870 614 2972 periculo
665 2893 840 2965 nune
886 2895 997 2944 res
1046 2880 1188 2964 est,
1240 2896 1434 2970 quam
1481 2875 1605 2948 illo
1658 2882 1954 2972 tempore
2003 2872 2168 2946 suite
2222 2873 2546 2971 siquidem

313 2975 491 3049 haud
539 2975 766 3072 paullo
820 2974 1085 3070 gravius
1138 2981 1242 3046 est
1278 2972 1498 3046 relabi
1548 2976 1621 3047 iu
1672 2977 2095 3067 servitutem,
2170 2999 2362 3072 quam
2411 2998 2545 3047 non

313 3074 612 3151 liberari.
712 3073 976 3148 Instant
1023 3083 1341 3148 renovato
1393 3077 1605 3148 veteri
1637 3077 1933 3149 dissidio
1983 3078 2350 3173 pontificii,
2402 3098 2546 3147 maa

317 3174 794 3275 chinanturque
844 3177 1142 3249 omnibus
1190 3177 1431 3270 mod-is,
1481 3185 1560 3250 ut
1606 3203 1739 3251 non
1790 3179 2003 3250 solum
2052 3186 2364 3250 tueantur
2400 3178 2545 3273 pri-

198 3368 203 3377 ¹
317 3281 561 3354 atinum
629 3280 702 3352 in
765 3279 1016 3351 animos
1081 3279 1463 3375 imperium,
1531 3281 1650 3352 sed
1715 3280 2063 3399 proferant
2104 3280 2279 3351 intra
2328 3279 2544 3350 nostri

315 3383 511 3480 regni
570 3381 739 3461 fines
805 3381 1310 3453 dominationem
1375 3404 1597 3454 suam·
1664 3383 1874 3454 maior
1934 3378 2264 3472 imminet,
2342 3380 2541 3452 immo

314 3483 449 3556 iam
511 3484 763 3581 ingruit
827 3482 908 3554 ab
968 3491 1265 3561 nostrum
1330 3483 1625 3580 ipsorum
1689 3483 1963 3603 ingenti
2009 3504 2278 3554 numero
2328 3481 2540 3572 labes,

314 3604 594 3689 quorum
659 3585 775 3656 alii
836 3584 1075 3656 mentis
1123 3585 1573 3656 imbecillitate
1613 3580 2109 3681 superstitiosi,
2181 3583 2541 3655 debilitatis

314 3706 501 3760 suae
530 3686 959 3777 couscientia,
1020 3686 1270 3758 orando
1320 3686 1630 3758 virtutem
1679 3686 1807 3758 sibi
1859 3686 2044 3783 quasi
2096 3685 2269 3757 dono
2321 3684 2544 3757 datum

313 3786 404 3862 ffi
454 3795 759 3887 sperant,
834 3788 950 3859 alii
1015 3796 1232 3859 antem
1294 3808 1501 3860 novas
1569 3808 1812 3884 easque
1876 3787 2073 3860 etiam
2124 3786 2541 3883 turpissimas

312 3892 713 3989 religiones
745 3895 1007 3978 creant,
1072 3897 1389 3986 tantaque
1454 3888 1814 3986 cupiditate
1881 3889 2363 3985 amplectuntur
2377 3939 2400 3977 ‚
2466 3896 2543 3959 nt

314 3994 426 4065 vei
475 3992 753 4090 pau-iam
768 4043 795 4084 ,
844 3998 1195 4088 parentes,
1249 3988 1562 4088 coniuges
1578 4042 1603 4082 ,
1656 3991 1942 4083 liberos,
1993 3991 2277 4101 denique
2330 3990 2543 4062 caris·-

314 4094 484 4168 sima
547 4094 763 4166 omnia
826 4094 1200 4189 relinquere
1263 4114 1395 4165 non
1458 4085 1810 4164 dubitent?
1927 4090 2254 4189 Utrique
2277 4112 2318 4163 a
2386 4108 2540 4161 vera

314 4196 565 4295 pietate
624 4196 867 4273 absunt
915 4195 1326 4315 longissime.
1447 4191 1591 4267 Sed
1658 4194 1770 4291 qui
1833 4194 2077 4266 factum
2141 4194 2271 4286 sit,
2342 4198 2420 4263 ιι
2464 4192 2538 4265 in

276 4299 483 4395 ,istas
528 4299 998 4394 perversitates
1048 4294 1416 4403 inciderent
1430 4348 1457 4389 ,
1527 4317 1661 4369 non
1711 4303 1815 4369 est
1879 4296 2296 4369 obscurum.
2366 4290 2538 4365 Nam

311 4422 513 4498 quum
545 4401 618 4472 in
648 4400 877 4492 tantis,
929 4420 1096 4496 quos
1135 4407 1313 4485 artes
1351 4422 1434 4474 ae
1467 4394 1804 4489 doctninae
1843 4397 2168 4489 fecerunt,
2216 4417 2540 4494 progres-
2675 4496 2686 4504 α

395 4515 625 4586 nnn.
669 4516 788 4603 ΟΡ.
828 4515 969 4615 YII.
1278 4576 1283 4581 .
2007 4515 2068 4580 D
2095 4512 2135 4578 d
