3192 4992
852 342 1470 431 ‚EMENnArlonus
1510 343 1984 405 PmnAchE.
2314 361 2321 370 κ
2417 343 2537 411 161
2652 391 2655 394 Α

333 508 576 608 militer
618 508 688 579 in
740 507 1101 605 Sophoclis
1128 508 1409 583 Electra
1457 477 1524 582 V.
1581 509 1755 584 185.
1807 510 1919 582 diu
1969 534 2093 608 per
2139 494 2540 608 ’ἐφίσταμαι

334 612 768 684 oblitteratum
820 610 1175 683 delituerat
1221 609 1722 709 ἀμφίσταμαι.

1068 860 1517 952 ΡΪΤΗ.
1638 863 1794 936 IX.

523 1014 634 1087 De
685 1014 844 1086 noni
894 1015 1199 1088 carminis
1260 983 1670 1113 augumento.
1713 1039 1877 1112 quae
1927 1014 2282 1088 Dissenius
2333 1040 2543 1089 exeo-

326 1116 599 1213 gitavit,
669 1116 1010 1212 repudiata
1072 1126 1224 1189 sunt
1288 1142 1326 1188 a
1375 1117 1721 1190 Boeokhio
1773 1118 1843 1188 iu
1890 1117 2256 1188 Annalibus
2305 1117 2542 1190 Berol.

326 1241 391 1288 a.
447 1220 670 1292 1830.
722 1244 809 1288 m.
865 1215 1147 1290 Octobr.
1199 1244 1269 1290 n.
1320 1220 1445 1294 75.
1497 1222 1624 1294 76.
1738 1217 1919 1291 Huic
1967 1241 2224 1289 rursum
2276 1228 2544 1292 contra-

326 1318 498 1390 dixit
539 1307 956 1391 'Welckerus
1003 1320 1090 1416 ¹in
1152 1319 1395 1392 Museo
1457 1321 1696 1417 philol.
1759 1321 2080 1392 Rhenano
2133 1318 2236 1390 II.
2289 1323 2362 1393 3.
2429 1321 2544 1417 qui
2662 1395 2675 1418 1

324 1420 494 1491 illud
539 1421 882 1505 ,verissime
932 1423 1301 1517 perspexit,
1355 1423 1596 1514 omnia,
1651 1429 1816 1518 quae
1846 1421 2175 1493 Pindarus
2219 1422 2349 1494 hoo
2394 1446 2544 1494 car-

322 1523 497 1592 mine
549 1523 888 1619 exposuit,
940 1547 1022 1594 eo
1055 1533 1396 1619 spectare,
1449 1532 1523 1596 ut
1574 1524 1655 1595 de
1709 1524 2057 1615 connubio,
2112 1523 2286 1619 quod
2333 1523 2544 1596 victor

323 1622 609 1695 initurus
659 1623 897 1714 fuerit,
967 1626 1261 1716 cogitare
1326 1625 1700 1697 debeamus.
1821 1624 1992 1696 Nam
2042 1648 2289 1696 summa
2340 1648 2543 1720 argu-

322 1725 530 1796 menti
576 1726 742 1800 haee
792 1735 918 1796 est.
1033 1724 1418 1799 Laudare
1478 1729 1647 1798 volo
1698 1725 2104 1822 Pythicum
2154 1727 2539 1815 victorem,

322 1822 565 1897 decus
618 1826 1004 1919 Cyrenae,
1078 1852 1314 1928 quam
1362 1826 1648 1924 Apollo
1711 1832 1796 1901 in
1847 1827 2058 1900 Pelio
2108 1838 2363 1902 moute
2409 1851 2540 1900 ra-

308 1927 519 2023 puit,
551 1924 1070 2023 fortissimam
1105 1931 1509 2027 virginem,
1567 1928 2068 2029 Chiroreisque
2115 1930 2406 1999 monitu
2456 1929 2544 2000 iu

318 2023 660 2123 Libyam
709 2032 1136 2120 transtulit,
1188 2029 1326 2102 ubi
1367 2033 1511 2104 illa
1553 2033 1865 2127 peperit
1895 2029 2371 2117 Aristaeum,
2424 2053 2540 2101 ce-

319 2124 627 2202 lebrata
675 2154 889 2202 nuuc
929 2156 1080 2227 per
1129 2134 1531 2204 victoriam
1588 2134 2107 2206 Telesicratis.
2209 2131 2545 2203 Multam

318 2254 625 2330 magua
652 2234 899 2305 virtus
933 2230 1265 2328 praebet
1295 2232 1618 2305 laudum
1648 2235 2078 2321 materiam,
2130 2230 2274 2304 sed
2303 2232 2541 2327 aptis-

318 2334 520 2404 sima
569 2331 818 2431 deligi
865 2336 1197 2430 cupiunt
1225 2332 1454 2412 docti.
1559 2335 1772 2406 Nam
1797 2334 2241 2429 tempestiva
2249 2326 2543 2427 facer'e

319 2444 581 2505 monet
607 2434 902 2523 Iolaus,
951 2460 1187 2534 quum
1218 2436 1502 2506 occidit
1527 2434 2050 2529 Eurystheum
2081 2444 2264 2505 aute
2289 2435 2543 2528 ipsum

318 2544 625 2631 tempus
673 2537 982 2624 mortis,
1045 2538 1391 2632 sepultus
1455 2538 1541 2608 iu
1590 2538 1883 2607 tumulo
1948 2536 2110 2623 avi,
2185 2536 2319 2605 cui
2365 2558 2542 2604 cum

315 2633 627 2732 Iphicle
674 2648 911 2707 uatus
962 2650 1083 2708 est
1125 2638 1510 2709 Hercules
1523 2690 1544 2726 ‚
1601 2640 1811 2708 omui
1856 2638 1985 2707 ille
2037 2631 2221 2707 aevo
2264 2659 2541 2707 memo-

301 2735 649 2837 raudus.
749 2738 902 2810 His
950 2761 1119 2836 ege,
1173 2738 1387 2837 quod
1427 2763 1540 2811 em
1588 2750 1758 2811 voto
1808 2733 1996 2808 milti
2028 2734 2369 2808 cauendi
2413 2735 2540 2807 de-

317 2836 613 2910 deruut
657 2831 1330 2934 opportunitatem,
1385 2866 1540 2940 ago
1569 2844 1910 2938 gratias.
2022 2838 2100 2908 V
2093 2839 2302 2910 icisti
2338 2840 2540 2910 enim

245 3023 248 3032 Γ
317 2938 686 3036 Aeginae
722 2952 801 3012 et
822 2941 1200 3036 Megaris,
1254 2943 1525 3014 amicis
1552 2943 2034 3039 inimicisque
2066 2937 2538 3027 laudandus,

279 3046 849 3141 'optaruutque
911 3040 1059 3112 sibi
1117 3055 1190 3114 te
1254 3045 1663 3140 coniugem
1693 3105 1697 3110 .
1726 3043 2072 3139 virgines
2121 3037 2547 3111 Athenieu-'

317 3143 517 3213 siim
586 3153 668 3215 et
729 3140 1134 3240 Olympiae
1147 3196 1170 3232 ,
1236 3142 1710 3242 Delphisque
1723 3196 1746 3233 ,
1814 3142 2392 3239 domesticisque
2453 3142 2540 3211 iu

318 3241 895 3316 certaminibus.
999 3246 1131 3317 Me
1181 3243 1485 3346 quidem
1534 3256 1650 3317 est
1698 3245 1839 3344 qui
1865 3252 2107 3341 cogat
2134 3242 2538 3342 antiquam

310 3343 623 3439 famam
684 3370 1000 3417 suorum
1062 3345 1323 3419 dicere
1383 3348 1799 3434 maiorum,
1868 3368 2117 3447 ‘quum
2156 3338 2540 3413 ‘Antaeus

298 3442 575 3543 filiam
627 3472 906 3519 cursus
963 3451 1408 3545 praemium
1463 3449 1946 3543 propositam
1999 3441 2210 3516 dedit
2259 3440 2539 3515 Ateri-

318 3545 549 3621 damo
603 3572 935 3621 uxorem
951 3602 974 3637 ,
1024 3552 1285 3621 multis
1337 3561 1499 3620 tum
1549 3549 1851 3628 coronis
1902 3561 2201 3633 ornate,
2248 3545 2543 3617 >multas

319 3651 553 3723 etiam
596 3651 828 3747 prius
872 3647 1150 3745 adepto
1194 3651 1584 3722 victorias.
1698 3647 1878 3719 Illud
1928 3649 1997 3718 in
2051 3647 2153 3717 his
2203 3671 2338 3717 non
2378 3669 2541 3742 ape-

319 3752 453 3823 ruit
487 3750 928 3841 Welokerus,
982 3777 1100 3823 cur
1148 3778 1278 3825 non
1334 3751 1575 3822 diserte
1628 3750 1805 3823 sacta
1854 3750 1942 3821 sit
1990 3748 2235 3820 mentio
2288 3772 2540 3819 oonnu*

319 3850 451 3944 bii,
520 3852 724 3949 quodx
749 3861 1201 3926 contracturus
1254 3861 1431 3924 esset
1482 3851 1969 3943 Telesicrates,
2022 3874 2146 3921 ueo
2197 3874 2325 3945 quo
2377 3874 2541 3922 eon-

321 3953 475 4028 silio
542 3954 712 4025 illud
764 3956 926 4026 satis
976 3957 1207 4027 mirum
1255 3955 1591 4053 Apollinis
1632 3962 1725 4026 ‘et
1775 3952 2084 4026 Chironis
2137 3952 2586 4048 colloquium9

322 4054 412 4127 sit
462 4080 503 4127 a
551 4064 752 4155 poeta
799 4057 1157 4146 inventum.
1258 4056 1629 4152 Vtrumque
1693 4056 1888 4127 facile
1939 4060 2160 4151 potest
2210 4053 2537 4150 expediri,

322 4155 384 4227 si
432 4182 567 4230 non
618 4182 897 4256 sponsus
950 4168 1093 4231 erat
1142 4159 1638 4249 Telesiorates,
1718 4157 1836 4229 sed
1902 4156 2156 4227 amabat
2222 4155 2540 4249 virginem

191 4293 195 4299 ·
324 4259 704 4354 quamdam,
777 4261 961 4333 cuius
1028 4261 1156 4333 sibi
1220 4284 1505 4332 amorem
1572 4251 1924 4332 conciliare
1989 4256 2316 4353 cupiebat.
2417 4251 2541 4325 sio

245 4409 256 4415 -
323 4360 496 4432 enim
544 4385 755 4459 neque
806 4371 1033 4460 aperte
1096 4372 1172 4435 ut
1236 4362 1316 4435 de
1366 4386 1442 4435 re
1494 4362 1790 4433 omnibus
1840 4367 2007 4432 nota.
2045 4358 2230 4455 loqui
2277 4362 2542 4452 poterat

404 4476 632 4546 Halm.
677 4477 794 4547 ΟΡ.
848 4478 991 4549 vll.
1177 4545 1184 4554 ,
1626 4506 1635 4512 ’
1781 4526 1788 4533 -
2071 4474 2134 4540 L
