3192 4992
861 377 1451 450 smmum
1493 337 1966 451 mmmmm
2403 386 2529 453 ios

324 557 506 627 ctute
546 549 826 649 tempori
856 550 1182 625 occidisse
1211 550 1683 649 Eurystheum,
1735 575 1815 627 ac
1852 562 1991 629 tum
2025 553 2281 627 deinum
2311 555 2526 653 ipsum

298 654 458 751 fita
503 652 811 726 cessisse.
905 652 1065 726 Alio
1113 654 1219 745 ui,
1287 655 1527 748 credo,
1598 652 1903 753 κρύψαν
1950 651 2174 731 πάλιν
2222 652 2630 730 dixissent)

318 752 461 829 sed
505 754 578 827 in
622 749 790 848 illis,
843 761 1010 852 quae
1104 779 1141 828 e
1190 754 1485 829 Hercule
1535 765 1606 829 et
1644 756 1904 855 Iphicle
1954 758 2257 856 scripsit,
2297 780 2534 831 vereor

232 883 239 890 ·
316 873 402 928 ne
446 873 580 928 non
629 864 811 929 recte
860 864 931 929 et
978 865 1236 930 veteres
1273 866 1345 930 et
1388 860 1792 931 recentiores
1823 859 1990 932 haec
2018 861 2239 953 verba,
2287 857 2534 958 Xapi-

312 981 469 1031 των
511 956 966 1036 κελαδεννᾶν
1012 955 1116 1055 μή
1164 986 1256 1054 με
1305 957 1502 1033 λίποι
1541 958 1889 1057 καθαρὸν
1923 959 2217 1062 φέγγος,
2248 984 2310 1032 ·a
2334 983 2536 1059 prae-

314 1059 698 1132 cedentibus
763 1061 1240 1158 separaverint.
1353 1061 1659 1133 Pendent
1708 1079 1825 1150 ea,
1897 1071 1972 1134 ut
2034 1063 2193 1133 mibi
2249 1064 2530 1153 videtur,

311 1177 398 1233 ex·
448 1150 633 1258 εῧχᾷ
681 1161 750 1233 in
799 1162 945 1234 hist
1009 1166 1201 1236 τοῖσι
1249 1160 1521 1238 τέλειον
1570 1162 1681 1236 ἐπ’
1741 1162 1923 1258 εὐχᾷ
1971 1158 2421 1259 κωμάσομαί
2460 1191 2533 1236 τι

310 1258 595 1336 παθών
640 1256 877 1338 ἐσλόν.
979 1262 1150 1336 Nam
1197 1273 1550 1362 propterea
1601 1266 1971 1361 gratulatur
2018 1265 2328 1370 heroibus
2363 1267 2530 1358 illis,

354 1362 487 1434 uod
551 1386 626 1435 se
690 1373 1108 1460 precantem,
1178 1375 1252 1438 ut
1316 1366 1672 1438 carminum
1734 1366 2073 1438 materiam
2136 1367 2530 1465 praeberent

309 1387 752 1537 d'elesicratis
803 1459 1146 1558 victoriae,
1197 1455 1652 1539 exaudiverint
1703 1475 1770 1539 et
1813 1476 1991 1540 ratas
2043 1461 2322 1540 fecerint
2370 1493 2531 1566 pre-

308 1589 422 1637 ces
473 1587 656 1638 suas.
756 1561 938 1639 Hinc
986 1561 1203 1641 statim
1255 1570 1593 1641 enumerat
1633 1561 1787 1641 illas
1816 1565 2155 1641 victorias.
2255 1563 2338 1641 Id
2377 1594 2530 1643 vero

307 1692 508 1762 quum
571 1667 673 1740 sic
734 1665 952 1741 facere
1014 1667 1284 1766 incipitz
1362 1667 1640 1772 Αἳγίνᾳ
1702 1699 1781 1743 τε
1844 1659 1995 1773 γάρ
2045 1695 2241 1768 φαμι
2290 1665 2532 1744 Νίσου

303 1763 376 1838 τ’
436 1769 521 1842 ἐν
570 1762 779 1866 λόφῳ
829 1761 989 1870 τρὶς
1048 1763 1142 1867 δὴ
1206 1765 1423 1846 πόλιν
1486 1765 1704 1846 τάνδ’
1761 1771 2114 1856 εὐκλεΐξαι
2127 1827 2152 1859 ,
2226 1769 2533 1874 σιγαλὸν

306 1861 742 1965 ἀμαχανίαν
792 1867 1010 1990 ἔργῳ
1036 1865 1331 1974 φυγών,
1384 1871 1453 1946 in
1507 1873 1776 1945 diversa
1826 1875 2272 1947 discesserunt
2320 1875 2534 1946 inter-

227 2019 250 2030 »
299 1980 558 2068 preteS.
659 1967 1074 2047 scholiastes
1126 2000 1322 2070 quum
1374 1967 1644 2074 scripsit
1710 1969 1750 2049 ὃ
1804 1965 1885 2049 δὲ
1936 1971 2150 2077 λόγος
2199 1972 2346 2048 ἀπὸ
2370 1979 2534 2078 ,τοῦ

301 2065 755 2170 νικηφόρου,
821 2075 881 2146 si
943 2069 1074 2149 hoc
1122 2071 1372 2167 voluit,
1437 2075 1838 2168 Pindarum,
1911 2075 2087 2174 quod
2144 2076 2224 2148 de
2281 2076 2529 2149 victore

150 2181 158 2189 ‘
300 2169 810 2270 praedicandum
862 2185 1030 2267 erat,
1083 2177 1167 2249 ad
1219 2199 1290 2250 se
1327 2180 1694 2270 rettulisse,
1745 2173 2012 2250 habebit
2045 2173 2327 2251 fortasse
2365 2178 2532 2250 haec

301 2271 580 2348 audacia
629 2275 883 2374 figurae
951 2302 1079 2374 quo
1140 2280 1409 2396 placere
1470 2277 1753 2377 cuipiam
1803 2280 2043 2376 possit.
2143 2277 2549 2351 Boeckhius‘

297 2377 770 2450 nominativum
849 2379 1187 2475 participii
1261 2405 1384 2476 pro
1457 2379 1831 2453 accusativo
1908 2377 2193 2478 positum
2266 2377 2529 2451 defendi

296 2502 499 2573 posse
553 2480 826 2575 putabat
851 2478 1132 2551 Homeri
1183 2482 1487 2582 exemplo
1539 2481 1741 2552 Iliad.
1793 2480 1896 2553 II.
1950 2482 2125 2555 350.
2161 2505 2350 2578 seqq.
2432 2483 2530 2552 At

293 2579 429 2652 isto
484 2580 795 2675 exemplo
846 2580 957 2653 hic
1004 2581 1103 2652 uti
1153 2601 1281 2652 non
1333 2579 1519 2674 licet,
1572 2584 1642 2654 in
1695 2607 1822 2678 quo
1867 2583 1926 2654 si
1961 2576 2410 2678 ἀστράπτων
2460 2588 2528 2653 et

296 2677 607 2776 φαίνων
679 2690 835 2777 post
912 2679 1106 2782 φημὶ
1165 2689 1616 2757 κατανεῦσαι
1679 2680 2105 2780 Κρονίωνα,
2139 2691 2525 2780 sequuntur,
2600 2686 2614 2697 “

295 2777 494 2853 facile
552 2790 851 2879 apparet,
905 2783 1156 2856 duobus
1205 2779 1482 2881 integris
1517 2781 1814 2857 versibus
1856 2781 2266 2881 interpositis
2310 2785 2525 2856 animo

297 2884 716 2956 observatum
780 2908 929 2957 esse
991 2875 1445 2960 κατένευσεν.
1564 2883 1861 2958 Beckius
1928 2886 2101 2983 apud
2166 2883 2524 2957 Pindarum

295 2985 746 3057 accusativum
807 2986 1030 3083 posuit
1099 2988 1334 3083 partici
1381 2983 1472 3080 ii,
1563 2988 1673 3059 cui
1738 2989 2016 3059 alterum
2081 2988 2525 3059 accusativum

292 3079 517 3160 τόνδε
553 3085 795 3159 adiecit
824 3079 1200 3179 Disaenius,
1246 3113 1323 3160 ve
1371 3095 1664 3160 ementer
1695 3089 2101 3186 approbante
2119 3079 2523 3159 Welckero.

292 3187 388 3259 At
437 3212 675 3285 parum
723 3181 1085 3285 probabilis
1138 3198 1243 3261 est
1292 3197 1475 3262 tanta
1523 3191 1889 3287 scripturae
1920 3185 2217 3281 mutatio,
2272 3190 2381 3259 ubi
2430 3183 2524 3259 li·-

294 3287 396 3360 bri
448 3307 681 3362 omnes
745 3301 813 3361 et
875 3283 1267 3363 scholiastes
1329 3292 1795 3362 nominativum
1860 3299 2151 3363 tuentur.
2255 3290 2519 3382 Quanto
2634 3313 2663 3328 ··

293 3389 563 3463 facilius
614 3398 756 3462 erat
805 3415 934 3464 una
983 3392 1208 3464 littera
1260 3400 1504 3464 mutata
1555 3390 1916 3476 εὐκλέϊξας
1955 3391 2267 3482 scribere,
2320 3416 2522 3488 prae·-

248 3540 253 3546 -
294 3493 526 3564 sertim
590 3516 783 3588 quum
835 3492 1030 3565 etiam
1079 3494 1148 3565 iu
1197 3494 1281 3565 iis
1351 3517 1516 3589 quae
1567 3493 1929 3590 sequuntur
1976 3494 2291 3565 victorem
2343 3494 2519 3566 allo-

296 3602 539 3688 quatur
599 3593 955 3666 Pindarus.
1068 3595 1176 3667 Ac
1225 3593 1422 3691 φαμὶ
1484 3568 1736 3667 mediae
1803 3596 2163 3667 sententiae
2216 3594 2517 3694 interpo-
2638 3595 2649 3608 “

294 3689 428 3768 suit
478 3695 677 3767 etiam
725 3687 926 3790 Pyth.
974 3687 1117 3767 III.
1168 3697 1292 3771 75.
1345 3695 1588 3793 (135.)
2490 3701 2498 3722 ¹

494 3793 595 3868 V.
650 3799 824 3871 107.
873 3821 1016 3894 seq.
1066 3799 1416 3895 permirum
1469 3807 1607 3890 est,
1676 3796 1850 3894 quod
1916 3822 2109 3895 quum
2160 3796 2316 3868 libri
2367 3797 2517 3871 vio-⁸
2618 3837 2626 3852 »

294 3897 431 3971 lato
482 3906 693 3971 metro
743 3898 1025 3971 habeant
1072 3895 1198 3995 ἐμὲ
1248 3895 1323 3971 δ’
1382 3887 1492 3974 ὦν
1539 3927 1650 3981 τις
1682 3896 1954 3974 ἀοιδᾶν
1987 3895 2227 3995 δίψαν
2276 3897 2533 3972 anecd--

294 4025 527 4093 μενον
575 3994 886 4097 πράσσει
927 3997 1141 4099 χρέος
1191 3995 1399 4083 αὖτις
1447 4003 1718 4103 ἐγεῖραι
1767 3999 1893 4075 καὶ
1924 3998 2249 4075 παλαιὰν
2282 3991 2514 4086 δόξαν

292 4108 486 4175 τεῶν
533 4097 962 4204 προγόνων,
1028 4103 1250 4174 nullus
1313 4105 1744 4201 interpretum
1811 4110 1923 4174 aut
1987 4104 2366 4176 criticorum
2429 4104 2509 4175 ad

296 4201 714 4276 scholiastam
751 4203 1053 4297 attendit,
1106 4203 1226 4277 sed
1253 4211 1498 4277 temere
1542 4206 1959 4303 arripuerunt
1992 4203 2318 4277 Schmidii
2349 4228 2514 4280 con-

293 4302 613 4377 iecturam
651 4300 856 4389 δόξα.
956 4307 1166 4403 Atqui
1200 4307 1399 4404 longe
1433 4307 1694 4379 diversa
1729 4308 2158 4379 scholiastes:
2211 4301 2511 4403 διψώσῃ

294 4409 386 4500 τῇ
438 4402 599 4505 ᾠδῇ
647 4404 1160 4506 προςτιθέντα,
1210 4402 1643 4507 ἅκειόμενόν
1682 4433 1775 4507 με
1819 4407 1945 4484 καὶ
1971 4402 2515 4508 θεραπεύοντα·
