3192 4992
1014 342 1117 404 nu
1155 342 1549 447 Auscnm.
1572 343 1967 408 AETNAnrs.
2468 346 2591 414 821
2639 335 2664 353 ’“

216 505 223 520 “
316 479 534 584 ι,δὀῶ
575 521 659 585 et
698 508 1179 608 Xenagoras
1239 511 1327 583 in
1390 511 1630 585 tertia
1693 508 2021 585 hmom‘a
2084 536 2254 597 ma
2295 512 2396 589 do
2441 516 2603 588 ἶσοι·

348 612 836 685 divinatione
898 613 1019 684 ita
1080 608 1390 685 scribit:
1460 609 1591 684 καὶ
1641 617 1982 687 Σικελῶν
2043 620 2177 739 τῆς
2219 620 2355 715 γῆς
2403 615 2631 713 &cpe-v

266 708 270 712 ’
349 708 631 809 ρούσης
679 713 977 786 ἔθυσαν
1031 709 1371 808 Ἀδρανῷ
1421 710 1573 787 τινὶ
1632 711 1844 810 ἥρωι·
1868 709 2409 808 προςτάξαντος
2458 717 2596 791 αὐ-

345 818 509 896 τοῖς
558 820 698 889 τοῦ
749 816 829 888 ἐκ
882 818 1243 887 Παλικῶν
1286 812 1765 910 χρηστηρίου,
1814 813 1944 888 καὶ
1992 814 2179 907 μετὰ
2229 815 2368 913 τὴν
2403 813 2596 892 ἐπά-

343 914 589 990 νοδον
651 922 782 1011 τῆς
826 912 1200 1011 εὗφορίας
1263 920 1555 998 πολλοῖς
1604 911 1875 1016 δώροις
1937 914 2073 993 τὸν
2118 916 2391 1014 βωμὸν
2437 925 2596 993 τῶν

342 1020 723 1091 Παλικῶν
773 1013 1198 1110 ἐνέπλησαν.

444 1194 451 1206 ,
558 1118 876 1237 Aeschyli
929 1142 1158 1189 versus
1210 1118 1312 1191 sic
1362 1116 1652 1215 scriptos
1704 1118 2001 1210 exhibui,
2054 1127 2130 1191 ut
2179 1095 2261 1190 ab
2312 1116 2420 1190 Io.
2455 1117 2594 1191 Ca·-

331 1214 641 1296 merario
695 1243 760 1291 a.
817 1221 1040 1294 1535.
1094 1219 1256 1291 editi
1306 1228 1496 1292 sunt.
1548 1219 1716 1292 haec
1766 1221 1938 1292 enim
1976 1219 2181 1293 editio
2215 1221 2429 1317 prima
2462 1228 2593 1311 est,

346 1345 526 1417 quae
591 1322 662 1393 in
711 1319 842 1393 hoc
891 1318 1344 1393 Saturnalium
1397 1321 1614 1417 capite
1668 1319 1935 1394 Graeca
1985 1321 2206 1393 habet.
2305 1320 2388 1392 In
2444 1323 2595 1417 qui-

342 1422 629 1496 busdam
681 1446 930 1514 earum,
985 1446 1150 1518 quae
1203 1432 1518 1519 sequutae
1573 1431 1751 1513 sunt,
1804 1422 2182 1496 mendosius
2225 1422 2456 1518 scripti
2486 1424 2594 1494 le·-

346 1532 603 1621 guntur
665 1525 896 1596 'versus
962 1524 1103 1595 isti.
1173 1523 1302 1595 Ιιι
1357 1522 1614 1596 Calliae
1680 1524 1897 1597 verbis
1962 1549 2085 1620 pro
2137 1521 2224 1597 τὸ
2274 1521 2593 1600 παλαιὸν

348 1626 600 1722 scripsi
651 1623 738 1699 τὸ
792 1623 1132 1703 Παλικὸν
1182 1650 1268 1697 ex
1323 1626 1705 1699 coniectura
1737 1625 2202 1716 Valckenarii,
2257 1626 2592 1721 adscripta
2705 1693 2716 1702 x

347 1729 663 1824 exemplo
717 1728 1026 1799 editionis
1059 1725 1552 1800 Gronovianae.
1656 1727 2135 1820 Theognostus
2186 1728 2256 1798 in
2288 1726 2592 1797 Bekkeri

345 1828 573 1900 indice
623 1828 1114 1901 Anecdotorum
1167 1853 1232 1899 v.
1278 1823 1732 1910 Ελλάνικοςι
1802 1834 2144 1901 τοιοῦτον
2195 1825 2278 1901 δὲ
2328 1825 2455 1901 καὶ
2502 1825 2592 1899 τὸ

347 1925 725 2016 Παλικός,
794 1924 1146 2011 ὃξύτονον
1195 1928 1324 2003 και
1374 1926 1601 2017 αὐτό,
1667 1925 1874 2012 πόλις
1924 1926 2308 2017 Σικελίας,
2358 1927 2589 2053 ἐφ’-ῃ
2554 1919 2591 1953 ²

348 2058 423 2103 οι
480 2027 909 2124 ἀπύθμενες
953 2037 1334 2127 κρατῆρες.
1438 2030 1731 2103 Videtur
1780 2033 1892 2103 hie
1931 2029 2274 2105 Παλικὸν
2325 2039 2392 2102 et
2441 1958 2589 2126 &spu

342 2122 395 2225 ᾖ
451 2133 827 2228 scripsisse.
927 2133 1293 2205 Accentum
1346 2132 1664 2220 eumdem
1695 2141 1980 2204 testatur
2031 2133 2227 2203 etiam
2258 2131 2588 2203 Arcadius

218 2239 227 2246 ’
342 2257 419 2329 p.
452 2235 578 2323 52,
634 2236 708 2306 3.
809 2231 1011 2305 Libri
1038 2234 1219 2329 apud
1248 2233 1620 2306 Diodorum
1653 2257 1914 2329 quoque
1942 2234 2223 2304 variant.
2293 2232 2585 2323 Deinde,

347 2359 522 2430 quos
572 2333 960 2405 Macrobius
1011 2334 1252 2405 Dellos
1305 2343 1536 2423 vocat,
1604 2335 1800 2405 etiam
1850 2335 1921 2404 in
1974 2332 2233 2406 Calliae
2283 2334 2587 2405 testimo-

344 2436 464 2507 nio
517 2435 834 2517 Δέλλους
897 2436 1185 2530 scriptos
1251 2435 1524 2530 praebet
1575 2433 1779 2507 editio
1833 2432 2223 2506 Camerarii.
2321 2432 2405 2504 In
2456 2457 2586 2529 po-

347 2536 743 2609 sterioribus
794 2536 863 2606 id
917 2560 1001 2607 ex
1036 2536 1133 2606 H.
1162 2533 1511 2632 Stephani
1525 2536 1814 2607 editione
1847 2532 2196 2616 Δείλλους
2226 2536 2582 2630 scriptum.

346 2623 526 2710 unde
575 2637 915 2709 Meursius
981 2637 1109 2710 hoc
1169 2638 1431 2709 nomine
1493 2636 1742 2707 hiatum
1803 2637 1873 2707 in
1923 2636 2245 2732 Antigoni
2295 2633 2585 2730 Carystii

347 2763 503 2836 cap.
547 2741 717 2813 175.
770 2739 1043 2835 explere
1098 2739 1379 2827 volebat,
1431 2738 1814 2834 receptique
1851 2742 2134 2810 Δεῖλλοι
2184 2738 2253 2808 in
2282 2736 2583 2808 addenda

347 2841 662 2913 editionis
715 2839 1058 2913 Parisinae
1110 2839 1449 2911 Thesauri
1514 2829 1994 2935 Stephaniani,
2067 2839 2323 2912 adiecta
2388 2839 2586 2910 volu-¹

344 2943 511 3014 mini
562 2941 877 3014 secundo.
978 2939 1171 3012 Unde
1228 2965 1381 3013 vero
1436 2940 1800 3013 derivatum
1854 2941 2065 3013 dicam
2114 2963 2352 3010 nomen
2403 2939 2580 3010 Del-

343 3044 567 3115 lorum
616 3068 749 3116 non
798 3041 1033 3114 habeo.
1134 3040 1302 3113 Nam
1353 3066 1478 3115 nec
1528 3039 1755 3127 δέλω,
1822 3065 1909 3111 ex
1961 3064 2087 3136 quo
2139 3038 2580 3136 Etymologus

347 3143 608 3239 δέλεαρ
662 3152 730 3216 et
781 3138 997 3224 δόλος
1044 3142 1221 3227 faeta
1271 3142 1366 3214 ait
1381 3171 1432 3234 ,‘
1472 3143 1603 3215 huc
1656 3142 1913 3213 videtur
1976 3141 2149 3212 trahi
2200 3166 2435 3236 posse,
2509 3150 2580 3214 et

345 3245 671 3340 Hesychii
721 3242 988 3331 δέλλει,
1058 3247 1266 3317 καλεῖ
1325 3252 1701 3339 corruptum
1768 3266 1915 3314 esse
1977 3241 2270 3313 iudicant
2333 3243 2580 3328 critici.

343 3346 504 3420 Nisi
555 3347 810 3419 abiecta
860 3369 988 3417 una
1036 3346 1263 3417 littera
1303 3346 1403 3418 sic
1444 3345 1605 3417 dicti
1649 3352 1801 3416 sunt
1832 3368 1953 3439 pro
1980 3341 2297 3439 βδέλλοι.
2368 3342 2580 3415 Wel-

346 3449 558 3532 ckero
612 3449 871 3544 quidem
918 3447 1199 3519 Aeolica
1248 3447 1513 3542 lingua,
1568 3446 1680 3542 qui
1731 3443 1956 3518 δειλοὶ
2007 3448 2164 3535 sint,
2216 3446 2424 3515 malos
2476 3446 2567 3516 si·
2535 3447 2621 3519 -8

346 3549 657 3647 gnificari
691 3550 964 3644 placuit.
1000 3551 1063 3646 7)
1144 3547 1229 3620 Iu
1248 3547 1631 3619 Polemonis
1664 3546 2038 3619 narratione
2068 3546 2305 3641 scripsi
2332 3541 2573 3643 ὑπαρ-

339 3673 568 3746 χουσι
633 3647 715 3723 δε
764 3646 1053 3724 τούτων
1103 3645 1246 3725 δύο
1296 3637 1645 3749 ἆδελφοί,
1714 3654 2065 3749 κρατῆρες
2105 3644 2568 3743 χαμαίζηλοι.

342 3909 568 4019 ’.Ερῦκη
612 3931 784 4011 πόλις
824 3936 925 3999 καὶ
961 3933 1297 4019 Ἐρυκαῖος.
1391 3938 1569 4016 ltaque
1619 3943 1731 3997 iure
1776 3929 2129 4017 Παλικηνὸς
2180 3936 2315 4015 apud
2355 3937 2568 4015 Stepha-

349 4046 476 4085 num
520 4027 792 4085 Cluverius
835 4027 1024 4102 aliique
1063 4030 1162 4084 viri
1203 4024 1340 4085 docti
1381 4023 1703 4083 scribendum
1746 4030 2071 4096 censuerunt.

522 4124 580 4208 ⁷)
638 4127 702 4186 Id
742 4146 898 4204 quum
941 4128 1023 4184 vel
1065 4147 1156 4203 per
1197 4146 1255 4184 se
1295 4127 1489 4184 falsum
1531 4129 1630 4199 sit,
1674 4125 1951 4196 Prellerus,
1995 4129 2080 4183 cui
2122 4122 2359 4202 displicet
2399 4116 2633 4180 malo·
2627 4179 2636 4186 ,

349 4218 563 4270 vocato·
614 4232 732 4269 esse
770 4231 802 4269 a
845 4214 1030 4287 quibus
1082 4213 1157 4270 nil
1197 4214 1302 4269 nisi
1349 4214 1481 4269 bona
1526 4218 1900 4287 repeterentur,
1960 4211 2228 4267 barbaram
2271 4226 2389 4265 esse
2429 4189 2566 4262 hanc

348 4314 529 4355 vocem
573 4300 878 4372 suspicatur,
921 4300 1034 4354 sive
1077 4315 1144 4355 ex
1181 4294 1524 4376 Aboriginum
1557 4296 1849 4355 Siculorum
1892 4299 2004 4354 sive
2044 4314 2110 4354 ex
2134 4294 2428 4353 Poenorum
2467 4290 2567 4388 lin·

348 4399 456 4459 gua
495 4385 567 4440 sit
606 4380 851 4440 derivata.

431 4475 660 4545 Humi.
703 4476 818 4544 01».
871 4474 1013 4547 vll.
1570 4435 1573 4442 ¹
1886 4463 1891 4478 ’
2033 4477 2040 4482 ’
2102 4471 2166 4541 Χ
