3192 4992
1397 1312 1540 1374 nn:
2573 1307 2633 1392 ,3

492 1479 1400 1595 APoLmNE
1510 1483 1741 1630 ΕΤ
1859 1445 2446 1604 MAN&

1035 1719 1331 1797 PARS
1393 1722 1890 1827 Ριιιοιυ)
1977 1859 1984 1866 .

350 2121 499 2233 De
547 2164 784 2232 natura
846 2156 1119 2236 deorum
1182 2157 1404 2233 dicere
1469 2182 1603 2233 non
1666 2168 1803 2233 tam
1865 2160 2410 2261 philosophorum
2475 2171 2584 2238 est

353 2283 541 2358 quam
595 2259 1088 2332 historicorum.
1193 2259 1358 2332 Nam
1412 2286 1602 2361 quos·
1629 2287 1924 2362 quaeque
1974 2272 2206 2360 gentes
2252 2266 2359 2337 vel
2389 2266 2579 2363 ipsae

352 2361 481 2434 sihi
547 2361 707 2433 deos
771 2361 1072 2434 fecerunt
1141 2361 1244 2433 vel
1294 2372 1693 2459 acceperunt
1741 2363 2045 2457 aliunde,
2114 2364 2195 2437 de
2246 2366 2332 2438 iis
2383 2367 2582 2464 quid-

296 2529 303 2540 f
352 2462 510 2560 quid
562 2470 677 2534 aut
726 2485 923 2534 caeca
973 2461 1253 2534 formido
1303 2457 1375 2534 in
1426 2470 1706 2535 mentem
1751 2463 1939 2537 daret
1982 2467 2114 2538 aut‘
2134 2463 2418 2564 fingeret
2457 2475 2596 2540 va-'
2675 2473 2684 2478 ’

321 2573 492 2660 111111
543 2570 624 2635 ac'
673 2562 1086 2635 sacerdotum
1133 2562 1549 2636 frandulenta
1595 2565 1805 2657 natio,
1857 2589 1979 2662 pro
2028 2590 2182 2639 vero
2226 2569 2579 2642 revereba-

284 2659 289 2666 ’
352 2674 463 2738 tur
527 2663 860 2737 hominum
921 2665 1384 2762 superstitiosa
1449 2663 1867 2761 simplicitas.
1980 2665 2163 2741 Hinc
2207 2668 2578 2748 fabularum

350 2765 608 2840 infinita
693 2763 970 2838 varietas
1049 2763 1572 2863 religionumque
1649 2763 2147 2865 inexplicabilia
2223 2766 2574 2867 mysteriaz

354 2891 520 2965 quae
585 2867 783 2940 etiam
849 2868 962 2964 qui
1024 2868 1434 2940 sanctissime
1486 2865 1833 2961 colebant,
1907 2869 1967 2942 si
2018 2889 2368 2967 quaereres
2419 2873 2580 2970 qnid
2649 2903 2660 2914 ¹

353 2970 481 3044 sibi
530 2969 804 3062 vellent,
856 2992 990 3040 non
1038 2969 1358 3043 haberent
1407 2969 1581 3066 quod
1635 2968 1955 3043 «licerent.
2058 2968 2351 3046 Credere
2404 2976 2579 3048 enim

352 3071 613 3147 nescire
665 3077 794 3143 est.
896 3067 1229 3161 Quocirca
1278 3069 1341 3142 si
1390 3070 1535 3167 quis
1571 3069 1725 3141 illas
1759 3071 2120 3169 religiones
2161 3074 2375 3170 quoad
2427 3075 2578 3152 fieri
2627 3121 2632 3126 -

350 3181 578 3271 potest
627 3195 1030 3273 cognoscere
1082 3169 1304 3267 cupit,
1360 3171 1529 3243 nihil
1576 3171 1903 3269 reliquum
1952 3183 2078 3247 est·
2106 3197 2297 3271 quam
2344 3184 2422 3248 nt
2467 3177 2581 3249 in-

352 3274 664 3371 vestiget,
712 3274 826 3345 ubi
880 3281 948 3346 et
1000 3271 1326 3369 quomodo
1370 3280 1580 3364 ortae,
1635 3273 1868 3369 quibus
1910 3273 2162 3347 caussis
2191 3275 2390 3349 latius
2414 3301 2580 3377 pro-

353 3383 675 3474 pagatae,
744 3369 977 3472 quibus
1026 3374 1448 3446 incrementis
1501 3383 1772 3467 anctae,
1845 3377 2078 3472 quibus
2129 3376 2409 3474 denique
2460 3402 2580 3452 ca-

353 3477 535 3549 sibus
574 3485 869 3558 ‚mutatae
904 3476 1061 3548 sint.
1163 3473 1279 3549 Ex
1314 3475 1435 3550 illa
1472 3473 1789 3548 immensa
1817 3478 2128 3550 materiae
2158 3479 2351 3577 copia
2378 3502 2576 3556 unum

352 3578 513 3650 mihi
562 3601 737 3650 nunc
786 3578 1004 3650 locum
1052 3576 1464 3657 tractandum
1515 3578 1789 3674 sumpsi,
1844 3580 1956 3675 qui
1985 3580 2111 3652 ‘est
2150 3580 2231 3651 (le
2268 3578 2575 3656 Graeco-

351 3699 497 3751 rum
536 3673 861 3776 'Apolline
914 3686 982 3751 et
1028 3678 1287 3770 Diana,
1359 3702 1496 3750 non
1545 3686 1620 3751 nt
1668 3680 1885 3752 omnia
1950 3701 2115 3777 quae
2165 3677 2247 3753 (le
2295 3682 2381 3754 iis
2430 3689 2575 3756 tra-

354 3780 493 3854 dita
543 3788 696 3853 sunt
743 3803 1124 3879 persequar,
1179 3778 1353 3876 quod
1404 3788 1509 3852 est
1555 3778 1800 3852 infiniti
1851 3782 2108 3878 operis,
2160 3781 2289 3855 sed„
2328 3791 2403 3855 ut
2448 3808 2575 3857 na-

353 3892 567 3955 turam
620 3904 840 3955 eorum
896 3890 964 3953 ct
1005 3881 1350 3979 originem,
1404 3882 1466 3954 si
1507 3881 1784 3979 possim,
1837 3881 2189 3955 declarem.
2272 3880 2573 3974 Coniun-

353 3985 681 4059 ctissimos
733 3984 903 4057 enim
948 3983 1075 4056 hos
1141 3983 1303 4057 deos
1354 4007 1501 4056 esse
1553 3991 1622 4056 et
1670 3992 1977 4081 parentes
2027 3985 2225 4060 iidem
2276 3994 2344 4060 et
2394 3985 2571 4084 quod

352 4087 595 4183 gemini
644 4081 969 4159 habentur
1032 4093 1102 4157 et
1161 4107 1519 4159 munerum*
1562 4084 1879 4182 quaedam
1930 4084 2287 4162 similitudo
2341 4095 2569 4161 osten-

386 4407 391 4414 ·
521 4371 582 4455 ⁴)
639 4375 794 4435 Edita
834 4384 915 4434 est
955 4383 1171 4453 utraque
1209 4394 1331 4452 pers
1373 4395 1421 4433 a.
1467 4370 1651 4440 1837.
1771 4371 1776 4378 ’
