3192 4992
711 379 815 440 DE
859 376 1296 440 TRAGOEDIA
1339 376 1881 443 coMoEmAQUE
1920 379 2225 441 LYch.
2450 378 2583 445 m

590 541 998 672 φρονεῖτε
1045 548 1194 619 νῦν
1243 542 1547 638 αἰθέρος
1594 538 2055 671 ὕψηλότερον

651 644 811 739 κὰμ
858 639 1206 744 μεγάλων
1253 643 1535 719 πεδίων
1583 640 1955 744 ἀρούρας·

655 747 1007 844 mour-933³
1065 741 1700 843 ὑπερβαλλόμενοι

653 845 919 942 δόμων
969 843 1273 942 δόμους,
1325 844 1726 976 ἀφροσύνᾳ

657 944 913 1046 πρόσω
961 947 1233 1123 βιοτὰν
1278 945 1861 1080 τεκμαιρόμενοι.

655 1050 699 1124 ο
751 1047 826 1124 δ’
887 1046 1340 1149 ἀμφιβάλλει
1392 1047 1776 1145 ταχύπουν

654 1150 1016 1227 κέλευθον
1063 1179 1256 1254 εργῳ
1311 1152 1639 1241 σκοτίαν,

657 1253 881 1350 ἄφνω
930 1254 997 1327 τ’
1059 1255 1395 1382 ἄφαντος
1451 1252 1774 1351 προςέβα

654 1353 950 1484 μακρὰς
997 1350 1550 1453 ἀφαιρούμενος
1595 1352 1898 1438 ἐλπίδας
1944 1351 2265 1454 θανάτῳ

658 1452 1142 1552 μολύμοχθος
1167 1455 1447 1540 Ἀιδας·

352 1600 484 1678 καὶ
531 1603 627 1680 τὰ
676 1603 967 1682 τούτων
1016 1610 1271 1707 ἐφεξῆς
1297 1603 1610 1704 σύνειρε,
1661 1603 1907 1683 πάντα
1936 1603 2118 1706 πρὸς
2147 1605 2286 1705 τὴν
2316 1604 2623 1706 ὁμοίαν

325 1702 731 1804 ’φερόμενα
783 1706 1148 1786 διάνοιαν.
1252 1709 1375 1785 Sic
1441 1710 1716 1809 stropha
1766 1711 1885 1782 illa
1935 1711 2281 1785 maximam
2329 1722 2587 1809 partem

356 1810 798 1884 choriambica
849 1813 1195 1886 scribenda
1246 1812 1530 1885 videtur.
1632 1810 1853 1910 Igitur
1904 1829 1983 1885 eo
2023 1822 2408 1909 perventum
2455 1821 2582 1904 est,

446 1913 845 2010 ,quoniam
895 1938 1106 2011 neque
1158 1914 1419 1987 aliunde
1485 1939 1698 2011 neque
1751 1939 1836 1985 ex
1889 1915 2426 2011 inscriptionibus
2476 1915 2588 1985 111-

351 1919 487 2084 llum
539 2015 825 2111 proferri
875 2015 1215 2113 probabile
1268 2017 1710 2088 testimonium
1761 2016 2016 2113 potuit,
2067 2017 2274 2111 lyrica
2327 2025 2394 2088 et
2444 2029 2584 2088 tra-

350 2115 594 2210 goedia
647 2125 713 2188 et
765 2117 1105 2189 comoedia
1153 2117 1317 2190 illuc
1366 2117 1769 2215 ablegandae
1822 2117 2190 2211 videantur,
2245 2143 2371 2216 quo
2427 2118 2582 2190 olim

349 2215 516 2288 abiit
569 2216 792 2289 drama
843 2219 1475 2316 comicosatyricum.

558 2366 888 2440 Videmur
950 2393 1091 2441 rem
1155 2370 1588 2467 profligasse·
1659 2376 1730 2440 at
1779 2369 2065 2442 nondum
2127 2377 2346 2442 tamffl
2394 2368 2589 2442 nobis

354 2467 565 2541 otium
615 2469 857 2542 factum
911 2480 1039 2545 ost.
1141 2470 1554 2543 Verendum.
1591 2476 1696 2543 est
1745 2471 1930 2544 enim.
1971 2495 2055 2542 ne
2100 2472 2251 2567 quis
2300 2495 2424 2542 nos
2475 2494 2589 2542 ree

267 2685 278 2700 ·
354 2572 1157 2747 ffil'tiifiss‘ss'msiss‘iss
1187 2568 2689 2769 ³3a2„⁰⁰”?32⁰1}2“25,1⁵333‘²ffii⁰‘32124

352 2772 426 2843 in
497 2698 629 2870 qda
682 2775 1043 2872 ‘adscriptis
1107 2775 1475 2848 nominibus
1546 2699 1836 2871 saptyrum
1887 2773 2224 2869 Marsyam
2289 2775 2589 2870 sequitur

356 2872 724 2947 Comoedia
788 2877 1082 2972 thyrsum
1143 2887 1213 2948 et
1278 2877 1656 2973 amphoram
1725 2900 2004 2972 gerens,
2075 2900 2376 2974 poneque
2440 2897 2587 2948 fflm

354 2974 668 3050 Bacchus
716 2989 1179 3074 postremoque
1205 2977 1578 3069 Vulcanus,
1633 2980 1821 3050 ambo
1865 2978 2056 3049 ebrii.
2156 2977 2589 3050 Illustraruut

354 3075 529 3152 hanc
579 3080 904 3176 picturam
938 3079 1244 3151 Millinus
1291 3080 1360 3150 in
1388 3079 1682 3152 Picturis
1737 3103 2034 3150 vasorum
2080 3080 2214 3150 vol.
2242 3077 2310 3149 Ι.
2358 3101 2426 3174 p.
2464 3079 2587 3153 19

357 3203 553 3301 ‘f’qq'
602 3182 741 3254 tab.
792 3179 935 3252 IX.
1002 3191 1073 3253 et
1121 3179 1583 3276 Millingenius
1652 3181 1723 3253 in
1774 3179 2067 3252 Pictoris
2111 3203 2415 3251 vasorum
2464 3202 2611 3252 an···

357 3281 568 3377 tiquis
637 3307 708 3380 p.
762 3286 837 3357 8.
899 3307 1089 3379 seqq.
1156 3282 1291 3354 tab.
1362 3280 1495 3353 VI.
1560 3291 2081 3378 monueruntque
2145 3281 2230 3353 ad
2296 3279 2588 3354 Vulcani

360 3403 514 3455 cum
563 3383 820 3457 Iunone
869 3383 1473 3457 reconciliationem
1513 3385 1872 3480 pertinere,
1927 3384 2008 3455 de
2037 3405 2166 3478 qua
2196 3382 2365 3455 dixit
2393 3382 2589 3456 aliam

359 3485 689 3581 picturam
755 3487 1133 3558 describens
1196 3484 1563 3557 Pausanias
1627 3483 1694 3557 Ι.
1760 3488 1887 3577 20,
1960 3488 2036 3557 3.
2165 3483 2590 3558 comoediam

359 3587 597 3683 igitur,
651 3611 818 3684 qnae
866 3588 938 3659 in
985 3588 1117 3659 isto
1171 3588 1437 3658 vasculo
1489 3587 1671 3682 picta
1710 3597 1837 3677 est,
1891 3587 2096 3683 ipsam
2136 3610 2284 3658 esse
2317 3585 2588 3680 lyricam

364 3688 772 3760 comoediam
823 3690 1295 3785 pronunciabat
1346 3687 1439 3761 O.
1489 3687 1824 3760 Miillerus
1886 3689 1957 3760 in
2006 3687 2282 3759 Notitiis
2330 3687 2594 3760 littera-

363 3790 488 3862 riis
542 3789 1093 3886 Gottingensibus
1146 3814 1209 3861 a.
1268 3794 1489 3864 1821.
1542 3816 1612 3861 ιι.
1671 3793 1840 3866 106.
1903 3813 2116 3885 neque
2179 3789 2375 3861 aliter
2435 3811 2592 3861 sen—

364 3892 612 3983 tiebat,
677 3902 755 3964 ut
805 3892 1101 3984 videtur,
1175 3885 1586 3965 Welckerus
1652 3892 1719 3963 in
1783 3891 2172 3986 Appendice
2236 3890 2591 3986 Trilogiae

366 4019 441 4090 p.
495 3997 670 4070 301.
741 3992 823 4065 In
891 3994 1333 4066 Doriensibus
1401 4003 1618 4066 autem
1685 3994 1817 4065 vol.
1880 3991 2349 4089 11.p.356.
2422 3993 2592 4062 bano

369 4096 718 4192 picturam,
773 4096 946 4167 sicut
996 4096 1160 4166 alias
1212 4121 1342 4167 non
1393 4118 1664 4192 paucas,
1718 4117 1979 4167 scenam
2031 4094 2369 4190 quamdam
2417 4085 2593 4187 Epi-

373 4195 646 4289 charmi,
700 4207 769 4271 et
820 4196 1080 4294 quidem
1131 4221 1216 4268 ex
1265 4220 1348 4268 ea
1398 4196 1759 4291 comoedia,
1814 4196 1922 4267 cui
1970 4220 2207 4268 nomen
2254 4195 2384 4266 fuit
2422 4198 2595 4264 Κω-ρ

371 4300 655 4395 μασταὶ
701 4297 748 4395 ἢ
777 4297 1201 4396 ‘'Arpatotos,
1251 4306 1749 4395 repraesentare
1796 4297 1959 4369 vidit
1988 4294 2348 4369 Miillerus.
2446 4292 2595 4366 Ita-

373 4426 503 4497 que
554 4401 808 4494 licebit,
861 4400 1087 4493 eredo,
1138 4401 1334 4473 istam
1369 4423 1502 4473 non
1534 4399 1780 4496 lyricae
1814 4398 2149 4473 cuiusdam
2187 4395 2593 4489 comoediae,
