3192 4992
599 307 731 374 seo
961 340 965 345 -
1149 308 1252 398 nr.
1276 304 1667 419 ‘assentur
1705 264 2281 367 rsrcnosusu„

604 472 1001 556 Timotheus
1066 479 1137 544 et
1184 456 1625 545 Pherecrates
1689 496 1773 544 eo
1834 471 2032 544 titulo
2096 468 2345 568 aliquid
2408 439 2866 567 scripserint,-

490 582 1074 673 -l7praetereaqne
1110 571 1386 669 Πέρσις
1435 581 1977 646 commemoretur
2003 572 2383 663 Naucratis,
2436 579 2632 669 atque
2680 574 2825 670 ipse

602 677 830 751 Plauti
871 660 1083 747 Persa
1131 675 1211 746 ad
1246 673 1550 748 Graecae
1603 664 1937 747 cuiusdam
1987 674 2248 747 fabulae
2301 675 2674 770 exemplum
2723 675 2828 747 fa·
2959 688 2964 695 ’

602 787 749 852 ctus
804 777 1122 849 videatur.
1224 774 1382 872 Ego
1433 777 1693 874 quidem
1744 777 1816 848 in
1859 800 1942 848 ea
1973 799 2203 847 maneo
2234 777 2584 866 sententia,
2635 800 2827 877 quam

603 890 755 953 ante
819 879 942 951 hos
1009 885 1318 975 quattuor
1381 885 1451 951 et
1503 878 1739 974 viginti
1788 902 1994 950 annos
2056 878 2126 949 iu
2178 877 2458 973 quadam
2509 876 2830 950 disserta-

604 983 783 1073 tione
834 981 1108 1078 protuli,
1162 980 1262 1072 (v.
1314 976 1575 1076 Opusc.
1630 980 1764 1051 vol.
1816 978 1919 1051 ΙΙ.
1969 1003 2041 1077 p.
2073 982 2236 1075 84.)
2292 987 2390 1065 nt,
2444 979 2573 1051 nisi
2625 982 2826 1053 certis

602 1084 881 1155 testibus
935 1081 1273 1171 doceatur,
1327 1105 1494 1178 qnae
1543 1081 1655 1152 isti
1709 1081 2069 1177 scriptores
2118 1081 2313 1152 verba
2337 1081 2646 1173 afferunt,
2694 1107 2830 1155 nou
2883 1076 2891 1086 ’

603 1207 753 1257 esse
805 1207 890 1255 ex
919 1182 1235 1277 Aeschyli
1267 1182 1499 1256 Persis
1550 1183 1782 1280 petita,
1835 1206 2046 1279 neque
2079 1182 2425 1254 Athenaeo
2466 1206 2593 1255 nee
2630 1184 2834 1256 scho-
2927 1192 2932 1195 ’
3023 1193 3030 1197 ’

597 1287 840 1364 liastae
891 1283 1333 1381 Hermogenis
1398 1284 1592 1356 fidem
1661 1284 1975 1380 denegari
2042 1284 2258 1356 velim.
2381 1281 2551 1355 Nam
2616 1291 2832 1380 νῆσοι
2977 1312 2981 1317 ·

601 1380 1123 1482 νηριτοτρόφοι
1176 1385 1433 1482 quidem
1487 1385 1651 1457 nihil
1704 1410 1976 1481 prorsus
2027 1385 2305 1476 hahent,
2372 1385 2547 1480 qnod
2599 1408 2640 1457 a
2691 1395 2833 1457 tra-

512 1506 515 1509 ·
559 1506 567 1529 ¹
604 1489 757 1584 gica
807 1487 1095 1560 dictione
1145 1489 1519 1560 abhorreat.
1623 1485 1913 1558 Videtur
1963 1496 2177 1558 autem
2226 1486 2607 1558 Athenaeus
2660 1489 2836 1560 scri·-

604 1590 820 1687 psisse
868 1584 1239 1683 Αἰσχύλος
1288 1584 1370 1662 δὲ
1422 1590 1503 1664 ἐν
1535 1586 1861 1685 Πέρσαις
1909 1586 2043 1671 τὰς
2090 1582 2364 1682 νήσους
2399 1584 2835 1685 νηριτοτρό-

604 1714 798 1789 φους
846 1692 1150 1785 εἴρηκεν.
1243 1685 1626 1773 Ὑπόξυλος
1683 1713 1833 1761 vero
1885 1691 2030 1762 etsiv
2046 1690 2272 1786 paullo
2308 1689 2644 1785 vulgarius
2680 1715 2837 1763 ver-

607 1793 756 1863 bum
808 1801 949 1882 est,
984 1794 1237 1890 'tamen
1280 1816 1410 1863 non
1462 1791 1723 1863 videtur
1772 1791 2089 1863 eiusmodi
2156 1816 2346 1884 esse,
2411 1793 2521 1863 cui
2568 1792 2641 1864 in
2691 1801 2838 1866 tra-

604 1891 846 1990 goedia
893 1892 1083 1964 locus
1136 1892 1409 1964 concedi
1461 1894 1853 1990 neqniverit.
1955 1889 2134 1966 Sunt
2164 1903 2378 1966 autem
2408 1892 2657 1988 Persae
2687 1895 2836 1966 Ae·-

605 1993 816 2089 sehyli
881 2014 1014 2065 uon
1079 2016 1210 2065 uno
1262 1994 1330 2065 in
1381 1995 1533 2066 loco
1584 1994 1681 2065 ita
1733 1995 1983 2086 vitiati,
2062 2004 2136 2066 ut
2199 1995 2530 2068 excidisse
2582 1996 2834 2092 aliquid

608 2095 929 2167 videatur.
1000 2092 1175 2174 sed
1227 2095 1398 2192 qnod
1451 2095 1518 2166 in
1571 2096 1695 2167 illa
1745 2094 2209 2168 dissertatione
2260 2096 2594 2188 dicebam,
2661 2098 2836 2170 divi·-

606 2197 752 2269 nari
814 2195 1100 2268 fortasse
1162 2221 1403 2294 posse,
1486 2197 1720 2293 quihus
1790 2196 1988 2270 locis·
2026 2198 2147 2269 illa
2215 2198 2464 2295 scripta
2526 2198 2833 2294 fuissent,

609 2322 777 2396 quae
824 2298 941 2373 isti
989 2305 1066 2370 ut
1112 2298 1181 2369 in
1225 2298 1456 2370 Persis
1484 2299 1802 2394 Aeschyli
1851 2299 2071 2395 posita
2121 2301 2511 2393 attulerunt,
2561 2301 2632 2372 id
2685 2327 2833 2375 sese

605 2400 968 2477 Passovius
1020 2401 1312 2498 quamvis
1349 2411 1768 2496 quaerentem
1809 2399 2027 2474 fassus
2070 2410 2174 2473 est
2217 2402 2512 2498 reperire
2548 2428 2680 2476 non
2711 2429 2838 2501 po-

609 2502 841 2574 tuisse.
942 2500 1093 2574 Non
1159 2501 1226 2573 id
1280 2501 1446 2574 adeo
1500 2502 1772 2574 difficile
1826 2511 1993 2575 erat.
2096 2501 2238 2577 Seu
2293 2527 2447 2577 vera
2498 2528 2617 2576 seu
2666 2505 2840 2578 falsa

609 2605 821 2675 dicam
891 2601 1310 2698 (meminisse
1383 2603 1554 2675 enim
1622 2612 1887 2699 oportet
1949 2612 2183 2676 natura
2248 2628 2370 2677 sua
2431 2605 2561 2679 hoc
2624 2631 2838 2704 genus

610 2703 1023 2776 coniectandi
1074 2703 1394 2774 incertum
1448 2710 1657 2795 esse),
1710 2706 1857 2799 quis
1907 2704 2074 2779 haec
2122 2706 2266 2780 sine
2318 2707 2682 2781 offensione
2731 2710 2840 2782 le-

609 2812 751 2900 gat,
803 2826 971 2900 qnae
1022 2826 1088 2873 v.
1140 2805 1317 2879 683.
1368 2797 1619 2876 Darius
1670 2805 1874 2878 dicitz

862 2963 926 3044 ὦ
974 2967 1199 3043 πιστὰ
1247 2978 1533 3045 πιστῶν
1578 2969 1816 3068 ἥλικές
1865 2972 1952 3046 θ’
2009 2971 2197 3071 ἥβης
2244 2953 2447 3072 ἐμῆς,

862 3069 1152 3165 Πέρσαι
1201 3070 1509 3173 γεραιοί,
1559 3071 1733 3148 τίνα
1782 3070 1988 3161 πόλις
2034 3081 2247 3153 πονεῖ
2292 3074 2528 3154 πόνον
2536 3111 2565 3170 ,-

821 3272 831 3285 β
864 3171 1121 3263 στένει,
1169 3172 1536 3269 κέκοπται,
1585 3174 1716 3250 καὶ
1755 3172 2212 3277 χαράσσεται
2261 3176 2510 3275 πέδον.

611 3341 762 3415 Non
813 3349 974 3441 puto
1027 3341 1185 3417 mihi
1236 3342 1427 3415 valde
1477 3343 1927 3441 refragaturos
1979 3371 2153 3439 esse,
2208 3350 2317 3447 qui
2363 3349 2590 3423 harum
2618 3376 2838 3425 rerum

611 3444 893 3541 aliquem
945 3467 1205 3516 sensum
1257 3445 1535 3537 habent,
1587 3447 1648 3519 si
1700 3458 1851 3521 ante
1902 3448 2198 3521 ultimum
2251 3451 2483 3523 horum
2532 3477 2838 3526 versuum

499 3630 503 3639 ι
613 3545 859 3643 aliquid
913 3545 1242 3618 excidisse
1296 3546 1531 3619 dicam.
1635 3547 1897 3640 Quanto
1963 3550 2130 3624 haec
2192 3551 2439 3627 rectius
2489 3556 2837 3652 aptiusque

612 3645 999 3743 procedent,
1052 3647 1173 3719 tali
1224 3648 1446 3745 aliquo
1476 3649 1692 3723 ¹modo
1745 3653 2031 3749 scriptaz

1521 3813 1697 3892 τίνα
1745 3813 1953 3903 πόλις
1998 3826 2210 3895 πονεῖ
2255 3817 2491 3898 πόνον
2508 3852 2537 3911 ς

868 3913 1379 4011 ἃληθοπενθεῖ
1424 3915 1499 3992 δ’
1559 3916 1723 3994 οὐδ’
1780 3917 2124 4018 ὑποξύλῳ
2171 3918 2332 4021 γόῳ

867 4014 1122 4109 στένει,
1170 4016 1539 4110 κέκοπται,
1589 4020 1718 4095 καὶ
1758 4018 2217 4121 χαράσσεται
2264 4021 2515 4101 πέδον.

616 4178 788 4277 Illa,
853 4183 981 4259 καὶ
1023 4181 1474 4282 χαράσσεται
1522 4185 1789 4280 πέδον,
1857 4192 2201 4290 per-inepte
2253 4193 2513 4291 qnidam
2564 4196 2835 4294 proprie

619 4287 793 4361 dicta
858 4296 1195 4387 putaran
1308 4288 1461 4363 Nou
1527 4291 1725 4364 aliter
1784 4292 1915 4366 hoc
1980 4293 2160 4367 dixit
2207 4294 2606 4394 Aeschylus.
2640 4320 2836 4393 quam
