3192 4992
600 325 733 398 ω
1082 327 1782 393 omnm-umis
1824 325 2353 391 memmimus.

601 414 935 596 potestate
984 520 1105 570 sua
1136 495 1478 570 baln’turos
1509 502 1808 594 sperant.
1884 494 2152 568 Utinam
2179 493 2441 568 tandem
2461 492 2828 592 aliquande

531 632 535 639 ·
603 623 830 677 omnes
892 598 1060 671 illud
1125 599 1577 697 intelligerent
1639 606 1710 670 et
1773 592 2037 695 penitus
2085 596 2304 669 animo
2352 595 2631 669 infixum
2680 621 2827 669 sen-

602 708 872 791 rarent,
942 699 1118 796 qnod
1180 708 1251 773 et
1299 700 1536 773 mentis
1598 699 1771 773 ratio
1823 698 2020 772 docet
2081 706 2152 771 et
2197 697 2354 769 libri
2402 697 2581 771 sacri
2628 721 2828 795 aper·-

600 802 857 876 tissime
918 802 1467 898 comprobarunt,
1536 801 1772 898 illique
1826 801 1949 873 viri
2000 797 2470 891 defenderunt,
2551 824 2828 896 quornm

508 962 514 977 ,
599 903 799 997 bodie
834 902 1235 975 instaurata
1308 910 1413 977 est
1475 903 1828 993 memoria,
1910 926 2044 974 non
2108 901 2414 999 yirtutem
2478 900 2823 996 religionis

600 1027 837 1081 caussa
886 1028 1037 1078 esse
1086 1003 1468 1096 colendam,
1532 1004 1672 1078 sed.
1700 1003 2114 1101 religionem.
2143 1002 2357 1075 datam
2410 1026 2560 1075 esse
2613 1001 2822 1074 bonni-

596 1107 789 1180 nibus
806 1157 832 1197 ,
902 1114 977 1179 ut
1040 1106 1121 1178 ad
1175 1105 1480 1179 virtutem
1541 1106 2033 1179 incitamentum
2082 1105 2438 1195 baberent,
2507 1102 2706 1201 idque
2751 1111 2820 1177 et

596 1208 1055 1305 gravissimum
1117 1215 1186 1281 et
1234 1208 1743 1282 sanctissimum.
1860 1206 2016 1279 Hoc
2076 1230 2225 1283 cum
2274 1213 2431 1278 voto
2481 1229 2605 1278 nos
2657 1230 2821 1302 quo-

598 1334 726 1407 que
792 1309 1116 1383 nobisiu
1178 1310 1485 1382 sollemni
1547 1311 1733 1381 illins
1782 1307 2099 1406 temporis
2150 1306 2609 1380 recordatione
2659 1332 2826 1381 cen-

596 1412 1027 1508 gratulamnr,
1081 1435 1209 1507 quo
1260 1411 1441 1485 cives
1490 1411 1705 1484 nostri
1754 1411 2033 1509 primum
2083 1409 2293 1481 libere
2342 1402 2631 1506 professi
2668 1415 2825 1482 sunt

594 1513 781 1586 illam
829 1513 1177 1608 religionis
1227 1512 1528 1605 formam,
1589 1537 1756 1610 quae
1806 1538 1936 1585 non
1988 1536 2076 1583 ex
2123 1511 2459 1584 hominum
2510 1535 2830 1607 quornm-

597 1614 747 1687 dam
797 1616 1063 1712 placitis
1114 1638 1194 1687 ac
1244 1614 1570 1706 decretis,
1645 1614 1764 1688 sed
1828 1638 1916 1686 ex
1969 1614 2146 1713 ‘ipsis
2195 1612 2431 1684 bansta
2481 1619 2660 1684 esset
2709 1636 2825 1683 sa-

597 1738 859 1790 crorum
909 1717 1225 1788 librorum
1277 1716 1710 1789 testimoniis·
1782 1739 1949 1811 quae
2015 1740 2144 1812 qno
2196 1714 2580 1808 diligentius
2629 1713 2824 1786 dein-
2947 1772 2956 1779 ι

596 1842 767 1936 ceps·
821 1825 1016 1914 atque
1076 1818 1449 1890 accuratius
1521 1818 1854 1914 explicata
1918 1826 2071 1889 sunt
2133 1839 2215 1888 ac
2278 1815 2653 1905 declarata,
2735 1838 2821 1888 eo

594 1920 806 2015 magis
857 1918 1163 2015 apparuit
1213 1919 1587 2014 certiusque
1638 1927 2056 2017 perspectum
2097 1926 2238 2008 est,
2317 1917 2387 1989 in
2435 1916 2821 2013 integritate

592 2020 792 2092 animi
858 2028 926 2092 et
988 2045 1239 2092 morum
1302 2021 1632 2117 probitate
1693 2021 1976 2117 positam
2040 2043 2190 2092 esse
2240 2019 2590 2117 pietatem,
2667 2041 2819 2109 nec,

593 2145 789 2218 quum
840 2145 990 2194 sese
1040 2121 1440 2218 sequendum
1506 2145 1656 2195 esse
1723 2121 1894 2193 dixit
1958 2120 2216 2194 divinus
2283 2120 2630 2216 religionis
2692 2145 2822 2192 no-

591 2233 769 2295 strae
835 2223 1178 2314 conditor,
1258 2224 1556 2296 seclusos
1624 2247 1772 2295 eum
1840 2246 1881 2295 a
1950 2223 2287 2296 beatorum
2351 2221 2617 2293 sedibus
2666 2245 2820 2294 esse

591 2315 922 2416 voluisse,
1003 2324 1116 2422 qui
1181 2326 1288 2397 vel
1355 2334 1505 2398 ante
1524 2364 1541 2375 f
1572 2350 1646 2398 se
1710 2325 1968 2422 puriter
2015 2325 2215 2397 vitam
2280 2323 2613 2420 egissent,
2680 2323 2817 2415 vel,

589 2435 936 2524 postquam
985 2426 1132 2524 ipse
1187 2451 1341 2499 vera
1371 2426 1732 2518 docuisset,
1786 2426 1938 2499 aliis
1982 2426 2411 2499 monitoribus
2440 2433 2555 2497 aut
2578 2433 2816 2522 suopte

518 2552 525 2561 ‘
586 2528 906 2601 instinctu
958 2553 1033 2600 se
1084 2529 1328 2626 probos
1377 2529 1891 2625 praestitissent,
1944 2527 2061 2600 sed
2112 2528 2253 2600 illis
2302 2527 2614 2599 minatum
2666 2551 2815 2598 esse

589 2628 874 2702 debitam
926 2629 1302 2721 vindictam,
1355 2631 1469 2726 qui
1519 2631 1788 2726 cognito
1840 2654 1998 2719 yero
2047 2636 2362 2724 rectoque
2411 2652 2485 2700 se
2535 2628 2818 2700 sceleri-

589 2726 710 2803 bus
762 2740 830 2802 et
879 2730 1150 2826 flagitiis
1199 2731 1575 2827 impiareut.
1675 2729 1914 2827 Itaque
1956 2755 2302 2828 precamur
2342 2728 2533 2801 deum
2574 2727 2670 2802 O.
2702 2729 2812 2801 Μ.

588 2840 663 2902 ut
709 2830 984 2926 indigna
1032 2831 1151 2902 illa
1201 2839 1270 2903 et
1320 2831 1636 2927 pestifera
1688 2831 2000 2923 dissidia,
2069 2855 2236 2929 quae
2286 2855 2369 2904 ex
2423 2841 2557 2905 tam
2606 2833 2810 2927 longo

584 2941 882 3028 tempore
934 2933 1181 3029 agitata
1246 2943 1401 3005 sunt
1463 2942 1532 3006 et
1581 2958 1758 3006 nnnc
1809 2934 2021 3006 denuo
2072 2935 2296 3030 multis
2347 2932 2558 3005 modis
2610 2934 2814 3005 effer-

586 3034 904 3125 buerunt,
976 3059 1107 3106 non
1158 3034 1230 3106 in
1280 3034 1470 3127 odia,
1535 3035 1609 3107 in
1656 3035 1974 3127 insidias,
2045 3036 2116 3107 in
2164 3034 2442 3126 caedes,
2513 3035 2584 3106 in
2633 3034 2813 3108 bella

584 3159 967 3233 erumpere,
1035 3136 1152 3209 sed
1205 3136 1464 3234 placide
1515 3146 1712 3234 atque
1764 3138 1861 3209 ita
1909 3138 2215 3235 componi
2264 3137 2476 3227 sinat,
2542 3136 2640 3207 uti
2691 3160 2813 3208 ae-

585 3261 779 3335 quum
833 3249 937 3310 est
983 3237 1159 3311 iuter
1209 3263 1363 3330 eos,
1438 3240 1550 3336 qui
1614 3264 1746 3315 non
1798 3240 1915 3311 alii
1964 3240 2133 3311 alios
2185 3238 2312 3310 sibi
2361 3238 2526 3312 solis
2574 3240 2812 3335 propi·-

584 3339 716 3412 tios
769 3339 969 3431 deos,
1042 3339 1158 3411 sed
1212 3365 1437 3413 omnes
1489 3366 1683 3412 unum
1736 3340 1928 3412 deum
1977 3341 2120 3412 veri
2168 3340 2463 3436 rectique
2513 3339 2810 3412 iustissi-

488 3436 756 3513 l3mum
822 3440 1104 3513 iudicem
1132 3451 1571 3517 ἢθιιοιιιιιιιιι.
1673 3441 1885 3515 Nobis
1938 3442 2264 3561 quidem,-
2312 3442 2424 3537 qui
2473 3442 2644 3513 bane
2692 3466 2809 3513 re·-

582 3542 845 3639 gioue'm
913 3541 1312 3615 Germaniae
1379 3526 1771 3635 incolimus,
1840 3545 1910 3616 iu
1975 3567 2103 3640 qua
2164 3544 2445 3641 primum
2507 3543 2622 3614 fax
2682 3542 2808 3615 illa

582 3644 769 3717 cuius
818 3645 1066 3716 lumine
1115 3645 1394 3718 fruimur
1441 3669 1723 3718 accensa
1772 3654 1901 3737 est,
1952 3645 2153 3741 longe
2205 3653 2356 3716 aute
2390 3645 2555 3716 alias
2589 3652 2805 3717 terras

580 3745 837 3818 beatior
885 3762 1033 3818 sors
1086 3747 1363 3842 obtigit,
1437 3748 1611 3844 qdod
1662 3748 1896 3821 saltem
1948 3773 2076 3820 non
2135 3747 2531 3844 permultum
2580 3746 2804 3843 tangi-

578 3872 725 3919 mur
772 3847 911 3918 illis
962 3848 1130 3920 rixis
1181 3862 1250 3921 et
1302 3849 1636 3942 dissidiis,
1691 3874 1965 3945 quorum
2015 3849 2201 3920 furor
2250 3849 2407 3920 alibi
2459 3858 2800 3943 grassatur

577 3948 1264 4046 intemperantissime.
1332 3952 1619 4024 ·Arcent
1682 3953 1761 4022 ab
1814 3952 2002 4024 nobis
2057 3952 2249 4023 istam
2301 3950 2800 4046 perversitatem

575 4050 876 4142 indoles,
942 4053 1237 4145 navitas,
1303 4052 1587 4126 eruditio
1640 4054 1916 4150 populi3
1987 4063 2170 4126 arcet
2219 4074 2374 4124 vere
2425 4052 2538 4148 pia
2591 4052 2798 4123 virtus

576 4154 811 4250 optimi
859 4160 928 4224 et
959 4155 1424 4251 sapientissimi
1460 4154 1701 4253 Regis,
1754 4156 1941 4228 cuius
1970 4157 2277 4247 natalem,
2329 4153 2548 4226 fausto
2582 4153 2798 4226 omine

578 4262 652 4326 ut
712 4255 954 4352 pignus
988 4257 1204 4353 ¹pacis
1271 4264 1342 4328 et
1404 4257 1798 4330 concordiae
1865 4282 2014 4330 cum
2075 4257 2432 4330 hodiernae
2498 4255 2631 4328 diei
2680 4279 2798 4329 so-

573 4357 911 4430 lemnitate
961 4358 1351 4452 sociatum„
1390 4384 1473 4432 eo
1525 4360 1771 4433 maiore
1822 4385 1971 4435 cum
2018 4359 2260 4458 gaudio
2313 4382 2547 4455 eoque⁴
2572 4356 2797 4432 since-
