3192 4992
1138 351 1326 413 mas
1365 331 1803 416 Posrnmoa.
1907 379 1913 400 ·
2457 352 2589 420 aen

350 518 886 614 renascentisqne
934 540 1161 590 rerum
1203 526 1479 592 naturae
1530 520 1725 616 signa
1774 517 1903 593 Sol
1952 519 2022 590 in
2077 517 2413 615 quadrigis
2430 569 2455 608 ,
2507 517 2581 592 in

349 619 526 716 bigis
576 614 795 691 aute‘m
840 619 950 698 ‚vel
1001 643 1316 715 equorum
1366 621 1474 693 vel
1525 644 1866 696 vaccarum
1886 671 1911 710 ,
1978 617 2351 715 aliquando,
2383 618 2580 692 etiam

351 744 481 793 uno
545 745 689 792 cum
757 743 928 817 equo
981 717 1219 812 Luna,
1301 721 1768 817 adstantesque
1834 723 1965 794 duo
2016 721 2324 811 iuvenes,
2410 720 2581 792 alter

351 823 630 913 sublata,
685 822 861 893 alter
905 821 1189 893 demissa
1238 823 1410 914 face,
1463 833 1531 896 et
1582 821 1711 896 Sol
1766 823 2025 920 quidem
2075 830 2328 919 septem
2372 821 2579 894 radiis

236 995 247 1002 ,
350 931 644 1014 ornatus,
697 924 855 994 item
889 932 1140 1018 septem
1170 922 1430 1016 stellae,
1484 933 1738 1024 septem
1768 949 1947 1016 arae,
1999 923 2352 1019 aliquando
2378 923 2584 996 etiam·
2729 965 2734 974 ι

348 1026 481 1096 alia
529 1033 807 1121 septena
855 1025 1370 1120 conspiciuntur.
1475 1026 1671 1117 Quod
1737 1027 1797 1098 si
1862 1025 2089 1103 semel,
2131 1033 2283 1097 octo
2343 1023 2578 1096 stellas

344 1127 586 1222 Zoega
633 1127 934 1198 iuventas
987 1128 1368 1200 memoravit
1418 1151 1487 1223 p.
1530 1129 1729 1218 179„
1784 1152 1972 1212 error
2005 1128 2067 1197 is
2113 1150 2261 1198 esse
2296 1124 2574 1200 artificis

348 1228 631 1322 videtur.
732 1226 863 1299 Est
915 1227 1108 1300 etiam
1175 1222 1285 1300 uhi
1337 1254 1575 1302 corvus
1641 1229 1829 1316 lauro
1894 1227 2187 1300 insidens
2239 1235 2573 1316 cernatur,

344 1338 421 1405 ut
466 1353 680 1426 neque
730 1330 869 1400 avis
920 1354 1131 1425 neque
1183 1331 1379 1402 arhor
1425 1331 1731 1427 Apollini
1778 1354 2008 1402 sacrae
2060 1329 2300 1402 desint.

430 1515 435 1522 ἱ
550 1430 691 1503 Sed
745 1430 1089 1503 dicendum
1138 1442 1244 1506 est
1293 1433 1489 1504 etiam
1540 1433 1622 1504 de
1672 1430 1920 1521 Diana,
1975 1454 2165 1527 quam
2215 1428 2585 1526 praecipuo.

342 1534 593 1618 honore
656 1556 698 1604 a
746 1531 978 1603 Persis
1043 1534 1285 1605 cultam
1350 1558 1497 1605 esse
1565 1534 1836 1605 tradidit
1884 1532 2226 1606 Diodorus
2291 1527 2584 1603 Siculus.¹

343 1632 443 1707 V.
494 1638 619 1709 77.
688 1633 799 1705 De
853 1658 932 1704 ea
982 1634 1295 1708 videndus
1339 1633 1780 1731 Spanhemius
1831 1635 1913 1705 ad
1946 1632 2212 1706 Gallim.
2262 1633 2332 1703 h.
2363 1628 2669 1704 Diau.l3

345 1739 471 1812 37.
593 1734 688 1808 Et
755 1759 950 1831 quum
998 1735 1365 1808 Pausanias
1426 1735 1596 1808 VH.
1650 1739 1741 1827 6,
1795 1739 1870 1811 6.
1943 1735 2256 1830 templum
2304 1732 2565 1804 Dianae

342 1836 659 1909 Persicae
708 1837 775 1907 in
803 1835 1024 1931 Lydia
1075 1846 1561 1929 commemoret,
1616 1837 1844 1910 credat
1894 1838 2040 1932 quis
2082 1836 2361 1907 forsitan
2395 1833 2582 1905 Per-.

344 1962 453 2014 sas
506 1939 828 2011 diversam
890 1938 1231 2032 quamdam
1298 1940 1378 2011 ab
1428 1937 1630 2011 Luna
1681 1939 1865 2010 deam
1919 1938 2201 2014 Dianam
2253 1936 2569 2009 coluisse.

341 2038 815 2113 Verumtamen
866 2039 996 2112 hoc
1037 2037 1322 2112 Graecis
1376 2040 1601 2113 deberi
1653 2041 1935 2131 videtur,
1986 2039 2343 2111 Persarum
2383 2038 2570 2109 illam

343 2141 555 2232 deam,
621 2165 787 2237 quae
837 2139 1041 2213 Luna
1091 2150 1272 2232 erat,
1314 2139 1626 2214 «Dianam
1676 2140 2286 2238 interpretantibus.
2365 2136 2568 2210 Certe

343 2243 516 2340 quod
549 2239 952 2315 Plutarchus
1002 2243 1073 2316 in
1103 2241 1399 2316 Lucullo
1452 2268 1516 2316 c.
1568 2246 1693 2319 24.
1748 2243 1828 2314 de
1881 2243 2096 2313 vaccis
2140 2247 2362 2311 narrat
2394 2237 2572 2312 Per-

341 2347 519 2418 sicae
571 2344 778 2418 sacris
829 2343 1127 2433 Dianae,
1202 2368 1392 2440 quam
1443 2345 1706 2416 barbari
1769 2352 1952 2415 trans
2001 2340 2413 2437 Euphratem
2460 2340 2574 2418 in-·,

342 2447 638 2520 colentes
670 2468 848 2541 *prae
900 2446 1183 2518 caeteris
1235 2445 1363 2516 diis
1414 2454 1706 2517 sanctam
1758 2444 2142 2532 habuerint,
2196 2466 2360 2539 quas
2410 2463 2572 2513 vac-

343 2571 459 2619 cas
508 2546 717 2618 libere
767 2547 1035 2641 vagari,
1087 2547 1282 2642 signo
1331 2545 1500 2618 facis
1550 2554 1851 2636 notatas,
1921 2545 2259 2641 solamque
2308 2542 2392 2614 ad
2441 2542 2572 2614 im-

340 2648 760 2721 molationem
811 2646 1207 2737 destinatas,
1249 2648 1321 2718 id
1370 2648 1465 2720 ita
1516 2655 1958 2743 comparatum
1996 2654 2126 2736 est,
2180 2651 2253 2716 ut
2293 2644 2407 2717 vix
2443 2643 2571 2714 du·-

340 2750 539 2822 hitari
588 2749 761 2820 sinat
810 2749 966 2845 quin
1017 2750 1105 2821 sit
1154 2749 1234 2820 ad
1261 2747 1529 2821 Lunam
1578 2748 2018 2820 referendum.
2118 2743 2235 2817 Ex
2284 2746 2410 2817 illa
2458 2744 2569 2814 lu-

339 2839 463 2924 nae
527 2851 878 2923 sanctitate
944 2850 1336 2946 explicanda
1398 2859 1503 2923 est
1563 2850 1761 2921 etiam
1815 2849 2058 2920 callida
2104 2846 2566 2942 interpretatio

338 2977 702 3049 magorum,
756 2976 919 3047 quos
945 2951 1328 3023 Herodotus
1356 2950 1531 3024 VII.
1564 2954 1690 3025 37.
1740 2951 1992 3040 Xerxi,
2043 2948 2335 3022 sollicito
2390 2947 2568 3044 quod

336 3054 445 3127 sol
497 3054 874 3145 defecisset,
930 3051 1133 3147 ἥλιον
1176 3047 1538 3147 Ἑλλήνων
1585 3048 2068 3146 προδέκτορα,
2120 3044 2431 3143 σελήνην
2480 3045 2568 3120 δὲ

321 3153 593 3252 σφέων
641 3151 829 3229 εἶναι
881 3153 1139 3225 dixisse
1191 3153 1307 3225 ait.
1415 3154 1555 3226 Nec
1606 3154 1741 3225 dux
1781 3151 2137 3225 Persarum
2172 3150 2398 3241 Datis,
2451 3148 2567 3244 qui

336 3256 518 3329 Delo
582 3257 839 3328 insulae
904 3280 1100 3352 quum
1151 3262 1387 3351 suopte
1436 3256 1792 3344 instinctu,
1873 3262 2010 3324 tum
2059 3251 2328 3323 Xerxis
2378 3250 2565 3328 iussu

336 3359 662 3455 pepercit,
713 3356 1179 3456 praecipientis
1230 3357 1314 3429 ἐν
1362 3348 1411 3452 ᾖ
1452 3351 1663 3450 χώρῃ
1707 3355 1776 3427 οἱ
1807 3349 1946 3429 δύο
1989 3349 2160 3426 θεοὶ
2196 3351 2566 3453 ἐγένοντο,
2637 3380 2654 3402 ·

335 3456 619 3555 ταύτην
665 3456 902 3554 μηδὲν
953 3458 1297 3532 σίνεσθαι
1312 3510 1334 3549 ,
1403 3459 1537 3529 alia
1581 3458 1652 3529 id
1704 3480 1937 3529 caussa
1986 3455 2223 3528 fecisse
2276 3453 2559 3544 videtur,
2666 3463 2678 3472 “

338 3585 535 3656 quam
615 3561 788 3656 quod
853 3585 969 3632 eos
1036 3560 1195 3632 deos
1259 3558 1490 3633 Solem
1555 3566 1625 3630 et
1687 3556 1952 3629 Lunam
2017 3579 2164 3627 esse
2231 3563 2557 3627 censeret.

337 3661 710 3736 Testantur
756 3662 1000 3733 factum
1049 3662 1215 3733 illud
1263 3660 1648 3734 Herodotus
1698 3658 1833 3732 VI.
1882 3660 2007 3735 97.
2059 3658 2342 3753 aliique,
2392 3680 2560 3753 quos

335 3764 431 3837 ibi
478 3765 855 3837 indicarunt
899 3764 1320 3859 interpretes.

535 3866 647 3938 De
710 3863 936 3940 Diana
998 3890 1156 3938 vero
1216 3889 1430 3962 equum
1496 3863 1811 3954 dicimus,
1892 3885 2036 3933 eam
2097 3858 2558 3955 intelligimus,

339 3993 503 4066 quae
552 3968 822 4067 proprie
875 3968 977 4040 sic
1024 3978 1257 4040 vocata
1307 3975 1435 4057 est,
1487 3989 1782 4037 sororem
1809 3963 2171 4059 Apollinis.
2272 3958 2556 4034 Constat

338 4072 508 4143 enim
559 4071 947 4143 translatum
1013 4093 1159 4141 esse
1224 4092 1459 4140 nomen
1508 4066 1766 4137 Dianae
1831 4065 1914 4136 ad
1965 4064 2333 4160 complures
2386 4063 2554 4134 alias

335 4196 697 4263 nemorum,
749 4171 1066 4258 fontium,
1117 4172 1372 4242 lacuum
1424 4167 1762 4265 praesides
1813 4166 2009 4257 deas,
2062 4189 2225 4262 quae
2268 4164 2554 4258 aliquam

336 4297 484 4345 cum
518 4273 849 4369 Apollinis
876 4297 1109 4346 sorore
1141 4267 1634 4343 similitudinem
1668 4268 1906 4341 hahere
1942 4267 2339 4354 viderentur,
2393 4264 2552 4358 quin

202 4462 215 4466 ,
334 4373 673 4474 Ephesiae
723 4398 980 4472 quoque
1032 4373 1236 4467 deae,
1315 4396 1481 4471 quae
1544 4371 1750 4445 totius
1801 4378 2069 4442 naturae
2134 4365 2549 4442 simulacrum
