3192 4992
769 361 872 423 DE
912 360 1284 424 mcum
1323 361 1705 424 TRILOGIIS
1744 361 2148 425 Timum.
2463 361 2590 429 1ae

357 533 688 628 postl'ema
734 526 952 601 fuerat
989 527 1248 626 prioris
1297 527 1635 624 trilogi'ae.
1735 527 2078 626 Exposuit
2125 535 2343 602 antem
2377 528 2587 603 Wel-

356 630 595 703 ckerus
645 629 844 701 etiam
895 638 1284 726 argumenta
1332 629 1698 704 fabularum
1749 629 2257 727 deperditarum.
2370 630 2582 705 Nobis

355 730 557 805 tutius
643 730 909 803 videtur·
977 731 1283 828 antiquos
1364 756 1556 828 quam
1640 756 1850 807 novos
1938 740 2243 805 auctores
2328 734 2579 807 audire.

246 887 256 898 .
349 831 608 905 Horum
674 832 848 905 enim
913 841 1178 904 manent
1246 834 1662 925 testimouia3
1748 833 2018 907 illorum
2082 857 2157 905 se
2226 833 2392 932 ipsis
2454 860 2581 907 no-

351 955 535 1006 uom
549 932 845 1107 'ejiffitt’ur
908 1042 1125 1107 antem
1188 1034 1336 1132 ipsa
1399 1034 1710 1131 trilogiae
1761 1041 1996 1107 natura
2057 1036 2437 1132 postulare,
2504 1045 2579 1111 ut

341 1147 804 1232 argumentum
853 1137 1215 1229 sit'unum,
1267 1136 1570 1233 iustoque
1625 1138 1705 1208 ab
1757 1137 1948 1210 initio
1982 1137 2348 1233 profectum
2379 1139 2576 1212 finem

345 1262 610 1335 quoque
659 1237 897 1311 habeat
943 1238 1230 1331 iustum,
1299 1251 1426 1311 nec
1489 1249 1622 1310 tam
1690 1262 1855 1335 quae
1919 1262 2030 1310 res
2081 1248 2377 1337 tempore
2428 1263 2576 1313 sese

344 1339 662 1437 deinceps
726 1349 1169 1437 exceperunt,
1240 1362 1430 1436 quam
1494 1363 1663 1436 quae
1711 1341 1805 1412 ita
1857 1340 2250 1433 cohaerent,
2322 1348 2398 1415 ut
2445 1365 2577 1415 una

342 1441 524 1513 actio
579 1442 980 1534 absolvatur,
1031 1442 1242 1514 tribus
1286 1441 1420 1514 siut
1452 1442 1750 1538 partibus
1780 1450 1932 1539 apte
1961 1441 2355 1539 descriptae.
2427 1442 2577 1517 Ita-

343 1565 472 1637 que
526 1543 664 1635 sic,
733 1543 994 1639 opinor,
1063 1543 1365 1641 proxime
1421 1567 1637 1615 verum
1692 1543 2203 1636 accesserimus,
2270 1546 2329 1617 si
2378 1546 2572 1620 unius

176 1638 188 1643 ’
340 1643 656 1741 trilogiae
709 1653 1159 1740 argumentum
1209 1646 1276 1715 iu
1308 1641 1555 1763 Oedipi
1607 1644 1804 1716 rebus
1838 1645 2240 1736 constitisse,
2293 1645 2379 1718 de
2406 1646 2573 1719 dua-

340 1743 467 1817 bus
520 1746 671 1817 aliis
724 1756 939 1817 autem
991 1770 1182 1828 unam
1233 1746 1426 1843 primi
1480 1746 1639 1817 belli
1691 1745 2024 1837 Thebani,
2080 1747 2353 1819 alteram
2392 1747 2573 1846 Epi-

340 1870 665 1943 gonorum
711 1869 824 1919 res
874 1855 1098 1944 gestas
1149 1847 1558 1944 complexam
1613 1848 2044 1919 censebimus.

546 1946 630 2021 Si
680 1949 773 2020 ita
825 1958 953 2040 est,
1006 1974 1137 2020 nou
1186 1950 1409 2056 inepte
1437 1946 1779 2021 Stanleius
1830 1950 1897 2020 iu
1942 1949 2409 2021 commentario
2452 1974 2571 2023 ca·-

236 2137 241 2141 .
338 2048 553 2143 talogi
603 2049 682 2120 ad
735 2045 1163 2141 Eleusinios,
1219 2073 1410 2146 quem
1464 2050 1619 2121 olim
1674 2062 1987 2145 sequutus
2039 2059 2183 2122 erat
2234 2049 2568 2123 Welcke-

336 2174 481 2243 rus,
534 2151 879 2224 coniunxit
926 2149 1198 2242 Laium,
1250 2149 1645 2248 Sphingem,
1710 2148 2065 2248 Oedipum.
2167 2150 2272 2224 Ac
2321 2150 2565 2226 Laium

339 2250 604 2348 quidem
652 2261 979 2325 testantur
1019 2252 1221 2323 index
1254 2252 1614 2324 fabularum
1654 2260 1723 2323 et
1751 2252 1915 2324 haec
1941 2252 2260 2346 Hesychii
2296 2254 2563 2349 glossa.

337 2349 717 2450 ἅρᾶχνου,
781 2352 914 2427 ἀπ’
988 2350 1290 2436 εὐθείας
1355 2350 1396 2425 ὃ
1462 2348 1821 2449 ἀράχνης·
1905 2348 2271 2445 Αἰσχύλος
2317 2355 2565 2450 Λαΐῳ.

334 2452 633 2527 Videtur
684 2456 854 2528 hanc
905 2453 1186 2525 tabulam
1242 2453 1437 2524 etiam
1490 2453 1884 2525 scholiastes
1915 2451 2218 2525 Venetus
2254 2454 2350 2525 ad
2403 2458 2567 2527 Ari-

333 2555 685 2682 s'tophanis
714 2554 981 2653 Vespas
1038 2579 1098 2625 V.
1143 2557 1317 2628 288.
1370 2554 1779 2627 nominasse.
1849 2550 1967 2628 διὸ
2017 2581 2145 2628 και
2174 2559 2568 2652 Σοφοκλῆς

331 2654 766 2731 ἀποκτεῖναι
808 2652 1184 2754 χυτρίζειν
1232 2656 1474 2756 ἔλεγεν
1519 2656 1604 2727 ἐν
1654 2649 1985 2753 Πριάμῳ
2034 2653 2161 2728 καὶ
2199 2654 2568 2751 Λῑσχύλος

326 2754 573 2854 Λάξῳ
639 2760 774 2854 (sic
821 2765 925 2830 est
985 2758 1054 2828 in
1107 2757 1370 2853 codice)
1433 2782 1560 2830 και
1614 2753 2098 2854 Φερεκράτης.
2220 2756 2564 2831 Putandus

330 2867 436 2933 est
509 2868 726 2932 autem
789 2859 1157 2955 Aeschylus
1220 2858 1399 2931 istud
1466 2858 1732 2930 verbum
1800 2858 1882 2931 de
1949 2855 2214 2955 Oedipo
2283 2860 2559 2953 dixisse,

331 2986 531 3057 quem
579 2984 813 3046 recens
864 2968 1083 3032 natum
1136 2961 1381 3056 exponi
1430 2960 1702 3032 iusserit
1749 2957 1986 3033 Laius.
2108 2958 2335 3032 Etiam
2387 2963 2563 3058 quod

332 3049 648 3136 Clemens
680 3060 1173 3134 Alexandrinus
1206 3060 1460 3134 Strom.
1511 3059 1617 3133 II.
1676 3062 1796 3135 15.
1847 3085 1917 3157 Ρ.
1950 3062 2127 3136 462.
2182 3061 2325 3155 (ed.
2357 3061 2561 3160 Lips.

331 3162 629 3238 m1.II.
681 3189 754 3260 p.
811 3165 1019 3260 162.)
1086 3187 1219 3238 ιιοιι
1270 3164 1602 3246 nominato
1653 3163 1979 3259 scriptore
2031 3161 2261 3234 affert·
2330 3161 2371 3237 ὃ
2418 3162 2562 3260 μεν

329 3263 482 3367 γὰρ
528 3259 777 3348 Λάϊος
818 3266 1089 3347 ἐκεῖνος
1135 3260 1326 3350 κατὰ
1373 3260 1511 3359 τὴν
1562 3259 1995 3365 τραγῳδίαν
2044 3259 2307 3360 φησίν·

539 3415 799 3512 λέληθε
850 3413 924 3490 δ’
988 3411 1211 3490 οὐδὲν
1258 3412 1506 3490 τῶνδέ
1503 3413 1631 3540 εμ’
1689 3405 1800 3490 ὧν
1849 3411 1945 3489 σὺ
1992 3416 2400 3505 νουθετεῖς,

537 3516 851 3620 γνώμην
900 3514 974 3592 δ’
1033 3512 1297 3612 εχοντᾶ
1342 3515 1428 3614 μ’
1486 3513 1533 3614 ἦ
1584 3511 1810 3615 φύσις
1854 3511 2211 3621 βιάζεται·

335 3694 424 3744 ox
457 3668 772 3766 Aeschyli
805 3667 983 3742 Laio
1034 3692 1182 3741 esse
1223 3667 1365 3741 Th.
1395 3666 1776 3743 Gatakerus
1803 3666 1997 3746 Adv.
2014 3667 2221 3741 Misc.
2270 3690 2343 3765 p.
2377 3666 2606 3742 529³ss

333 3770 426 3847 B.
479 3772 908 3845 coniiciebat:
976 3778 1043 3843 et
1090 3771 1374 3843 fortasse
1424 3771 1522 3842 ita
1571 3779 1712 3861 est,
1779 3771 1911 3843 etsi
1959 3793 2111 3842 vere
2163 3768 2335 3842 dixit
2382 3768 2557 3841 But-

336 3873 518 3948 lorus
568 3873 999 3970 posteriorem
1053 3897 1313 3945 versum
1363 3872 1575 3968 magis
1623 3870 2013 3969 Euripidem
2064 3878 2177 3944 ant
2222 3872 2557 3945 recentia-s

337 3977 826 4071 remaliquem
889 3975 1211 4069 tragicum
1276 3997 1536 4070 sapere.
1639 3971 1741 4046 Vt
1788 3973 2179 4068 Aeschyleis
2241 3995 2400 4045 usus
2450 3977 2555 4046 est

338 4074 651 4151 Sterkius
714 4077 782 4149 in
848 4073 1151 4148 Historia
1198 4073 1728 4147 Labdacidarum
1791 4100 1861 4172 p.
1913 4077 2040 4151 46.
2159 4072 2313 4147 Νοιι
2370 4082 2552 4146 recte

227 4214 240 4219 ·
338 4202 495 4253 vero
546 4176 886 4251 Stanleius
938 4185 1005 4250 et
1044 4174 1426 4251 Gronovius
1476 4176 1557 4247 ad
1601 4177 1912 4273 Aeschyli
1964 4174 2207 4248 Laium
2258 4175 2554 4247 referen-

340 4278 487 4352 dum
538 4280 889 4377 putabant,
943 4278 1117 4376 quod
1161 4277 1341 4384 apud
1390 4271 1979 4374 Harpocrationem
2032 4278 2100 4349 in
2152 4273 2559 4373 μαλακίζο-

336 4406 478 4476 puer
524 4381 626 4455 sic
685 4382 1004 4478 seriptum
1048 4377 1335 4479 legitur·
1399 4376 1766 4475 Αἰσχύλος
1802 4375 2185 4475 Ἑλλαδίῳ·
2250 4383 2552 4473 κεκμῆτι

322 4533 327 4537 ·
405 4497 648 4564 Reum
679 4496 796 4568 01»,
854 4495 999 4566 v.11
1832 4580 1843 4588 μ
2085 4493 2146 4557 Ν
