3192 4992
616 350 746 421 m
843 325 848 332 ’
977 349 1078 413 ΒΕ
1115 345 1554 411 messum
1597 339 2134 407 couonnmatm
2176 336 2475 398 mnes,

617 520 998 610 tubicinem,
1044 538 1462 614 praecum,
1513 518 1806 610 poetam,
1855 504 2280 604 rhapsodum,
2320 501 2687 593 tibicinem,
2717 513 2848 572 ειη-ἑ

618 621 905 712 laedam,
957 618 1390 708 citharistam,
1444 611 1918 702 citharoedum,
1970 606 2382 704 tragoedum,
2426 601 2838 695 comoedum,

622 723 707 795 ob
759 721 1043 819 epinicia
1092 718 1499 792 comoedum.
1604 715 1994 806 Quaerimus
2044 709 2158 780 ubi
2191 708 2280 780 sit
2317 707 2525 802 lyrica
2563 706 2666 777 vel
2696 714 2841 778 tra-

623 824 888 921 goedia⁸
910 822 1021 894 vel
1070 819 1432 893 comoedia.
1532 812 1923 913 Respondet
1955 809 2338 884 Boeckhius
2371 808 2441 879 in
2472 805 2643 879 Oec.
2670 803 2839 879 Ath.

623 924 727 998 II.
778 950 850 1022 p.
902 926 1077 1000 362.
1130 919 1536 993 Orchomeni
1590 920 1662 990 in
1712 914 2106 989 Charitesiis
2157 910 2269 983 diu
2318 908 2669 1006 tragoedos
2719 932 2840 979 so-
2942 921 2953 934 ⁸

622 1028 758 1099 lum
809 1035 877 1098 et
928 1023 1278 1098 comoedos
1331 1031 1663 1109 certasse3
1713 1015 2192 1091 recentioribus
2226 1012 2482 1084 demum
2521 1009 2840 1106 tempori-

622 1129 771 1220 bus,
823 1135 1168 1225 postquam
1220 1124 1478 1195 fabulae
1527 1121 1831 1195 scenicae
1878 1119 1961 1191 ab
2005 1115 2287 1191 Athenis
2335 1137 2462 1211 per
2487 1110 2841 1185 Graeciam

626 1230 904 1302 diffusae
952 1234 1200 1318 essent,
1253 1225 1451 1297 etiam
1499 1221 1863 1321 tragoediis
1916 1228 1985 1292 et
2034 1215 2393 1291 comoediis
2433 1238 2582 1286 esse
2625 1221 2844 1285 certa-
2967 1233 2975 1240 ·

625 1340 762 1404 tum
780 1381 804 1422 ,
872 1338 942 1402 et
990 1338 1206 1401 tamen
1270 1334 1409 1399 tum
1459 1345 1719 1422 quoque
1769 1323 1984 1397 solum
2035 1328 2400 1415 satyrorum
2450 1317 2844 1413 scriptorem

628 1431 1023 1505 Thebanum
1086 1430 1329 1519 fuisse,
1402 1425 1888 1524 tragoediarum
1955 1430 2172 1494 autem
2243 1428 2309 1491 et
2360 1416 2845 1490 comoediarum

627 1534 988 1631 scriptores
1018 1530 1487 1603 Athenienses.
1577 1526 1779 1618 Haec
1828 1541 1955 1621 'ego
2008 1523 2268 1620 quidem
2317 1541 2442 1592 nec
2491 1541 2647 1590 vera
2696 1540 2847 1592 esse

629 1636 1083 1731 omniaquto,
1135 1640 1228 1723 et,
1282 1632 1341 1703 si
1397 1653 1547 1702 vera
1596 1630 1756 1719 sint,
1809 1627 1975 1698 nihil
2025 1624 2327 1697 conferre
2378 1621 2462 1693 ad
2503 1618 2848 1692 vindican-

630 1737 776 1808 dum
826 1736 1072 1831 lyricae
1121 1733 1504 1830 tragoediae
1555 1729 2015 1803 comoediaeve
2047 1725 2394 1798 rationem.
2493 1717 2665 1795 Nam
2693 1744 2873 1792 sero‘

628 1838 885 1910 demum
936 1836 1232 1908 scenicas
1296 1834 1550 1905 fabulas
1601 1831 1775 1929 apud
1824 1829 2120 1902 Boeotos
2172 1834 2354 1899 actas
2402 1847 2590 1914 esse,
2661 1821 2847 1919 prius

630 1947 847 2010 autem
899 1936 1011 2008 diu
1061 1936 1244 2008 solos
1311 1935 1666 2032 tragoedos
1732 1940 1927 2029 atque
1980 1926 2333 2003 comoedos
2378 1925 2711 2024 prodiisse
2761 1945 2849 1995 ex

632 2040 798 2112 solis
861 2039 966 2110 his
1035 2037 1283 2109 duabus
1345 2035 1884 2134 inscriptionibus
1949 2031 2264 2127 collegit,
2347 2052 2618 2127 quarum
2683 2049 2849 2123 quae

630 2140 962 2238 antiquior
1025 2147 1129 2212 est
1191 2164 1323 2211 non
1386 2138 1623 2212 habeat
1685 2123 1940 2208 fabulas
2006 2133 2327 2206 scenicas.
2428 2128 2667 2202 Fuerit
2713 2128 2849 2199 ita:

516 2318 530 2325 ,
631 2267 720 2315 ex
772 2267 860 2314 eo
903 2266 1036 2314 non
1086 2241 1408 2337 sequitur,
1461 2263 1627 2338 quae
1663 2236 1965 2336 tragoedi
1999 2231 2422 2329 comoedique
2464 2229 2849 2320 cecinerint,

631 2343 875 2441 lyricas
925 2343 1305 2441 tragoedias
1358 2342 1859 2438 comoediasque
1925 2337 2158 2410 fuisse.
2276 2334 2449 2407 Nam
2497 2339 2573 2404 ut
2621 2330 2687 2402 id
2741 2353 2853 2402 se-

635 2447 748 2544 qui
797 2453 1064 2543 p'osset,
1136 2445 1350 2541 primo
1415 2439 1985 2516 demonstrandum
2050 2447 2193 2511 erat
2241 2436 2446 2509 fuisse
2499 2429 2849 2529 aliquando

515 2625 518 2628 .
632 2548 1089 2623 huiuscemodi
1163 2545 1542 2642 tragoedias
1623 2553 1818 2640 atque
1897 2539 2306 2628 comoedias;
2392 2534 2629 2608 deinde
2694 2557 2849 2604 vero

634 2650 832 2722 etiam
884 2645 1143 2719 ostendi
1195 2646 1542 2732 oportebat
1590 2653 1693 2716 tra
1744 2643 1895 2716 oedi
1918 2640 2351 2735 comoedique
2387 2634 2854 2737 appellationi-

635 2744 755 2808 bus
806 2736 1036 2807 talium
1086 2743 1392 2807 cantores
1442 2745 1676 2832 tragoe
1726 2741 1930 2812 'arum
1981 2740 2592 2833 comoediarumque
2642 2736 2854 2833 sigui-

632 2836 848 2909 ficari.
946 2836 1043 2907 At
1090 2845 1391 2908 neutrum
1440 2836 1681 2909 factum
1734 2846 1862 2909 est.
1963 2836 2279 2933 Denique·
2324 2839 2496 2934 quod
2531 2839 2742 2910 tribus
2781 2838 2849 2909 in
2909 2835 2943 2916 ⁸1

632 2935 1172 3033 inscriptionibus
1252 2938 1741 3034 tragoediarum
1817 2938 2426 3036 comoediarumque
2492 2940 2850 3037 scriptores

632 3038 1073 3111 Athenienses
1124 3048 1589 3132 memorantur,
1646 3040 1716 3112 id
1766 3063 1983 3136 neque
2029 3034 2427 3137 argumento‘
2459 3050 2564 3113 est
2595 3063 2854 3137 semper

633 3140 999 3216 fabularum
1047 3141 1455 3213 scenicarum
1505 3142 1869 3239 scriptores
1904 3142 2125 3214 *fuisse
2174 3143 2616 3215 Athenienses
2633 3194 2658 3234 ,
2730 3163 2852 3214 nec

633 3240 957 3315 monstrat
1005 3242 1370 3339 tragoedos
1412 3244 1894 3340 comoedosque
1922 3243 2289 3317 Dorienses
2323 3245 2644 3342 singulari
2687 3267 2853 3341 quo-

635 3345 784 3416 dam
836 3367 1080 3440 genere
1130 3344 1510 3440 tragoediae
1564 3346 2068 3441 comoediaeque
2121 3354 2438 3418 certasse.
2538 3345 2690 3418 Non
2728 3346 2854 3417 mi-

634 3469 781 3517 rum
831 3452 936 3516 est
986 3452 1240 3538 autem,
1308 3447 1394 3518 sit
1433 3447 1682 3520 scenici
1744 3455 1982 3544 poetae
2033 3446 2474 3520 Athenienses
2540 3471 2622 3519 ea
2683 3453 2850 3536 arte,

635 3569 803 3643 qaae
867 3546 958 3618 >iis
1024 3544 1384 3620 domestica
1452 3556 1667 3639 esset,
1738 3549 2073 3621 vicerunt:
2152 3548 2509 3645 tragoedus
2575 3572 2734 3621 vero
2787 3555 2855 3620 et

637 3646 1011 3722 comoedus·
1041 3646 1395 3721 Doriensis
1459 3650 1518 3722 si
1584 3648 1858 3745 lyricum
1925 3673 2184 3722 carmen
2236 3657 2630 3742 testaretur,
2698 3646 2853 3746 quid

635 3749 1048 3821 statuendum
1082 3757 1261 3823 esset
1300 3751 1372 3823 in
1401 3750 1834 3850 inscriptione
1876 3754 2096 3827 1584.
2143 3751 2223 3823 de
2256 3750 2610 3824 Cabiricho
2660 3750 2854 3822 The-

634 3850 803 3921 bauo
819 3899 843 3941 ,
896 3850 1214 3924 histrione
1264 3853 1520 3950 tragico
1539 3846 1577 3925 Ρ
1675 3851 1864 3927 Nihil
1916 3855 2088 3926 enim
2139 3852 2448 3926 differunt
2496 3851 2850 3949 tragoedus

551 3993 558 4002 -
634 3958 704 4024 et
751 3952 1044 4046 tragicus
1094 3954 1358 4028 histrio.

687 4099 706 4132 ,ι
834 4049 976 4125 Sed
1041 4055 1347 4151 quoniam
1410 4056 1534 4129 hae
1596 4055 1764 4128 duae
1811 4056 2278 4153 inscriptiones
2329 4080 2513 4154 spem
2562 4061 2853 4128 nostram

636 4154 1096 4247 destituerunt,
1149 4156 1483 4246 videamus
1533 4159 1818 4249 tertiam,
1870 4183 1942 4230 n.
1999 4160 2222 4234 1585.
2273 4182 2439 4255 quae
2468 4157 2853 4255 Thespien-

634 4258 729 4330 sis
780 4262 907 4347 est,
961 4256 1248 4330 victores
1296 4259 1368 4332 iu
1415 4258 1591 4333 ludis
1640 4259 1986 4333 Musarum
2037 4284 2078 4331 a
2127 4258 2242 4331 Fl.
2292 4259 2605 4334 Paullino
2656 4258 2855 4331 insti-

634 4361 795 4479 tutis
861 4381 1274 4432 enumerans.
1391 4360 1458 4432 Ii
1522 4370 1676 4435 suut
1737 4358 2034 4458 ποιητὴς
2095 4358 2528 4459 προςοὸίου,
2596 4355 2850 4459 κῆρυξ,
