3192 4992
628 353 760 422 lez
1035 335 1039 344 '
1180 353 1772 416 EMENDATIONES
1812 313 2289 417 munem.

626 521 996 614 Pindarus,
1068 527 1137 593 et
1184 527 1460 618 apparet
1522 542 1643 592 cnr
1688 518 2070 618 Apollinem
2130 519 2369 594 fecerit
2428 521 2848 615 quaerentem
2890 478 2899 488 ’
2938 502 2951 508 ’

489 705 498 713 ὀ
631 622 953 722 quomodo
1002 620 1207 719 potiri
1257 620 1517 717 Gyrena
1562 631 1831 718 posset,
1897 622 2530 719 respondentemque
2580 621 2851 718 sapien·-

633 726 952 800 tissimum
1006 721 1429 814 Centaurum,
1480 724 1685 794 celari
1739 724 1912 795 velle
1962 732 2337 796 nascentem
2388 746 2674 794 amorem
2723 745 2851 794 nec

631 826 847 927 palam
911 824 1136 896 audire
1196 823 1277 896 de
1329 824 1664 921 coniugio.
1767 823 2279 898 Confirmabitur
2340 825 2506 896 haec
2555 822 2847 919 suspicio

629 928 802 1001 infra
863 927 996 999 alio
1063 949 1272 1023 eoque
1336 925 1856 999 luculentissimo
1923 933 2334 1022 argumento.
2448 923 2602 997 Non
2665 930 2851 996 recte

631 1031 825 1102 etiam
876 1028 1217 1101 intellecta
1264 1009 1603 1145 Apollinis
1656 1028 1951 1124 quaestio
2004 1037 2110 1100 est
2158 1052 2199 1100 a
2248 1026 2623 1098 Welckero
2637 1075 2662 1117 ,
2735 1025 2846 1121 qni

630 1153 778 1203 eum
829 1152 1142 1227 quaerere
1190 1135 1406 1225 putat,
1456 1129 1671 1200 vimne
1722 1130 1956 1201 afferat
2005 1128 2271 1225 virgini,
2323 1152 2406 1200 an
2458 1126 2845 1199 connubium

631 1233 775 1305 eius
826 1236 1122 1326 expetat.
1234 1228 1389 1302 Non
1449 1229 1618 1303 haec
1679 1231 1855 1302 enim
1915 1231 2174 1327 quaerit
2220 1230 2512 1328 Apollo,
2593 1227 2715 1301 sed
2761 1250 2846 1300 an

631 1332 948 1450 congredi
997 1356 1144 1404 cum
1193 1354 1274 1403 ea
1322 1332 1703 1430 prolemque
1754 1356 2106 1430 procreare
2157 1332 2258 1405 fas
2309 1331 2425 1403 sit.

833 1432 1030 1525 Quod
1093 1431 1175 1504 ad
1226 1456 1534 1505 numeros
1584 1432 1859 1524 attinet,
1923 1433 1996 1506 in
2057 1434 2188 1507 hoc
2251 1456 2508 1530 quoque
2559 1428 2849 1504 carmine

631 1535 718 1608 ad
768 1543 999 1608 cantus
1047 1534 1268 1631 legem
1316 1533 1780 1606 attendendum
1831 1542 1960 1627 est,
2013 1535 2188 1632 quod
2237 1560 2364 1632 ego
2407 1558 2605 1631 quum
2644 1531 2853 1605 fecis-

631 1662 772 1710 sem
818 1638 890 1710 in
937 1642 1292 1708 metrorum
1347 1634 1831 1732 descriptione,
1903 1661 2038 1709 non
2098 1636 2361 1709 videtur
2421 1635 2506 1706 ‘ad
2568 1634 2641 1706 id
2705 1632 2853 1704 ani-

629 1764 806 1811 mum
854 1737 1216 1810 advertisse
1244 1736 1654 1829 Boeckhius,
1708 1737 1822 1833 qui
1870 1737 2143 1810 secundi
2192 1747 2261 1811 et
2310 1737 2493 1811 tertii
2542 1734 2854 1833 stropha-

631 1864 777 1913 rum
823 1862 1056 1912 versus
1102 1839 1224 1912 has
1274 1838 1519 1911 formas
1568 1838 1904 1936 posuerit:

630 2189 727 2264 At
774 2191 1239 2288 antispasticus
1291 2190 1510 2263 exitus
1562 2191 1817 2264 alienus
1868 2192 1948 2263 ab
1999 2190 2106 2264 his
2155 2189 2445 2262 numeris
2477 2198 2604 2282 est,
2655 2187 2855 2263 facit-

633 2317 759 2389 que
826 2299 902 2364 ut
964 2292 1339 2366 inconcinni
1402 2291 1589 2365 fiant.
1707 2293 2000 2367 Metrica
2063 2295 2135 2364 in
2196 2292 2301 2364 his
2349 2292 2640 2364 membra
2670 2292 2854 2364 hacc

632 2402 827 2467 sunt.

1030 2524 1578 2596 ..ζυί-..ιέυέ-
1617 2528 1630 2595 Ι
1667 2526 2095 2597 ..Coo—vll·
2115 2536 2604 2593 uuuuuuuu

632 2646 752 2717 sed
801 2646 869 2717 in
922 2644 1256 2735 canendo,
1305 2646 1572 2741 incepto
1627 2647 1828 2718 tertio
1877 2648 2205 2738 membro,
2274 2646 2608 2719 silentium
2656 2645 2735 2717 fit
2783 2645 2853 2717 in

631 2765 807 2826 nona
862 2767 1086 2816 versus
1137 2746 1412 2863 syllaba.
1511 2744 1705 2818 Haec
1754 2754 1823 2818 et
1871 2748 2179 2844 ancipitis
2219 2772 2562 2820 mensurae
2605 2755 2674 2820 et
2704 2748 2856 2819 hia·-
2910 2808 2961 2850 ,ἱ

633 2854 812 2918 tuum
864 2868 1099 2917 caussa
1146 2868 1226 2918 ac
1273 2846 1446 2917 ratio
1498 2855 1626 2919 est.

831 2943 931 3019 V.
983 2950 1059 3021 7.
1114 2947 1242 3041 (ll
1252 2948 1309 3042 .)
1360 2948 1448 3019 in
1479 2948 1612 3039 his,
1664 2941 1847 3021 τόθι
1892 2974 2018 3025 νιν
2066 2944 2494 3044 πολυμήλου
2542 2948 2669 3023 καὶ
2718 2976 2855 3023 πο·-

633 3041 1190 3176 λυκαρποτᾶτας
1236 3052 1426 3144 θηκε
1477 3047 1878 3125 δέσποιναν
1936 3049 2223 3144 χθονὸς
2285 3049 2497 3146 ῥίζαν
2547 3049 2859 3149 ἀπείρου

632 3146 896 3247 τρίταν
956 3144 1317 3246 εὐήρατον
1380 3141 1797 3225 θάλλοισαν
1848 3155 2110 3242 οἰκεῖν,
2182 3153 2636 3249 coniungenda
2701 3162 2857 3226 sunt

551 3315 561 3322 .
632 3250 830 3348 θῆκέ
852 3278 976 3327 νιν
1012 3255 1261 3341 οἰκεῖν,
1314 3253 1679 3348 praedicati
1710 3255 1861 3327 loco
1897 3256 2186 3352 acceptis
2221 3252 2623 3333 δέσποιναν
2652 3257 2857 3348 χθο-

632 3349 784 3436 νός.
900 3352 1088 3444 Quae
1136 3363 1347 3425 autem
1401 3364 1801 3475 sequuntur,
1862 3353 2215 3429 ὑπέδεκτο
2263 3354 2337 3429 δ’
2399 3351 2848 3457 ἀργυρόπεζ’

522 3501 528 3510 ·
621 3450 1028 3552 Ἀφροδίτα
1077 3450 1356 3529 Δάλιον
1421 3445 1660 3539 ξεῖνον
1722 3452 2174 3551 θεοδμάτων
2236 3455 2470 3552 οχέων
2530 3459 2857 3554 ἐφαπτο-

635 3553 830 3653 μένα
868 3557 1036 3650 χερὶ
1080 3552 1355 3655 κούφᾳ,
1403 3558 1474 3629 in
1522 3559 1627 3631 his
1679 3583 1938 3656 quoque
1971 3583 2164 3630 secus
2200 3584 2279 3631 ac
2312 3559 2634 3631 debebant
2670 3584 2857 3632 com-

635 3657 797 3753 poni
844 3657 1043 3729 verba
1073 3657 1291 3731 video.
1394 3657 1771 3733 Cohaereut
1815 3661 1989 3732 enim
2018 3656 2368 3734 ὑπέδεκτο
2397 3655 2861 3756 θεοδμάτων

636 3755 900 3851 ὀχέων,
944 3760 1267 3857 excepit
1310 3784 1425 3834 ex
1469 3786 1721 3835 curru
1769 3758 2386 3851 descendentem,
2449 3762 2682 3858 quibus
2733 3761 2857 3834 ad-

638 3859 843 3930 ditum
874 3858 1350 3957 ἐφαπτομένα
1370 3860 1535 3960 χερὶ
1562 3860 1839 3962 κούφᾳ,
1889 3858 2296 3937 sublevans
2305 3864 2560 3961 facili
2583 3888 2852 3938 manu.

640 3958 910 4033 Similia
952 3960 1149 4034 habet
1195 3961 1555 4061 Euripides
1605 3964 1761 4063 Iph.
1808 3966 1881 4038 in
1926 3965 2091 4040 Aul.
2138 3967 2317 4041 615.
2367 3990 2556 4061 seqq.

845 4060 1031 4155 Quae
1079 4087 1147 4134 v.
1198 4066 1326 4139 82.
1376 4065 1619 4165 (137.)
1670 4091 1860 4164 seqq.
1909 4066 1991 4139 de
2040 4064 2235 4142 Iolao
2282 4077 2669 4158 narrantur,
2741 4089 2857 4140 as·-

643 4163 902 4237 sentior
945 4162 1316 4239 Welckero
1366 4166 1517 4240 ideo
1570 4167 1747 4241 dieta
1797 4189 1982 4260 esse,
2034 4176 2110 4240 ut
2158 4169 2241 4241 ad
2288 4168 2648 4242 Herculem
2698 4177 2855 4265 apte

643 4264 916 4338 transiri
930 4274 1213 4386 ‘possets
1310 4267 1603 4341 Videtur
1647 4277 1865 4343 autem
1901 4267 2232 4376 Pindarus
2280 4268 2537 4342 Iolaum
2584 4293 2723 4341 non
2769 4270 2851 4341 ab

644 4367 878 4440 inferis
926 4367 998 4440 in
1046 4368 1244 4440 vitam
1291 4393 1625 4443 reversum
1675 4370 1943 4465 dicere,
2010 4372 2128 4445 sed
2179 4381 2475 4446 extrema
2534 4373 2606 4443 in
2657 4395 2852 4443 sene-
2905 4382 2911 4394 “
