<?xml version="1.0" encoding="UTF-8"?>
<!DOCTYPE html PUBLIC "-//W3C//DTD XHTML 1.0 Transitional//EN"
    "http://www.w3.org/TR/xhtml1/DTD/xhtml1-transitional.dtd">
<html xmlns="http://www.w3.org/1999/xhtml" xml:lang="en" lang="en">
 <head>
  <title>
</title>
<meta http-equiv="Content-Type" content="text/html;charset=utf-8" />
  <meta name='ocr-system' content='tesseract 3.04.00' />
  <meta name='ocr-capabilities' content='ocr_page ocr_carea ocr_par ocr_line ocrx_word'/>
</head>
<body>
  <div class='ocr_page' id='page_1' title='image "./godofrediherman00fritgoog_0172.png"; bbox 0 0 3192 4992; ppageno 0'>
   <div class='ocr_carea' id='block_1_1' title="bbox 676 351 2330 422">
    <p class='ocr_par' dir='ltr' id='par_1_1' title="bbox 676 351 2330 422">
     <span class='ocr_line' id='line_1_1' title="bbox 676 351 2330 422; baseline -0.007 0"><span class='ocrx_word' id='word_1_1' title='bbox 676 353 801 422; x_wconf 74' lang='lat'><strong>16⁰</strong></span> <span class='ocrx_word' id='word_1_2' title='bbox 1222 351 1812 415; x_wconf 79' lang='lat' dir='ltr'>EMENDATIONES</span> <span class='ocrx_word' id='word_1_3' title='bbox 1854 351 2330 414; x_wconf 81' lang='lat' dir='ltr'>PINDARICAE.</span> 
     </span>
    </p>
   </div>
   <div class='ocr_carea' id='block_1_2' title="bbox 539 477 2953 2141">
    <p class='ocr_par' dir='ltr' id='par_1_2' title="bbox 539 477 2953 2141">
     <span class='ocr_line' id='line_1_2' title="bbox 674 477 2891 637; baseline -0.003 -42"><span class='ocrx_word' id='word_1_4' title='bbox 674 519 953 596; x_wconf 87' lang='lat' dir='ltr'><strong>caeteris</strong></span> <span class='ocrx_word' id='word_1_5' title='bbox 1005 477 1422 591; x_wconf 82' lang='lat' dir='ltr'><strong>coniecturae</strong></span> <span class='ocrx_word' id='word_1_6' title='bbox 1472 518 1734 590; x_wconf 89' lang='lat' dir='ltr'><strong>minime</strong></span> <span class='ocrx_word' id='word_1_7' title='bbox 1784 511 2159 616; x_wconf 80' lang='lat' dir='ltr'><strong>probabiles</strong></span> <span class='ocrx_word' id='word_1_8' title='bbox 2175 568 2200 637; x_wconf 86' lang='lat'><strong>.’</strong></span> <span class='ocrx_word' id='word_1_9' title='bbox 2267 514 2439 592; x_wconf 83' lang='grc' dir='ltr'><strong><em>υἱὸν</em></strong></span> <span class='ocrx_word' id='word_1_10' title='bbox 2489 510 2676 612; x_wconf 85' lang='grc' dir='ltr'>πόα,</span> <span class='ocrx_word' id='word_1_11' title='bbox 2753 510 2891 612; x_wconf 68' lang='grc' dir='ltr'><strong>Θή·</strong></span> 
     </span>
     <span class='ocr_line' id='line_1_3' title="bbox 672 615 2891 718; baseline -0.003 -22"><span class='ocrx_word' id='word_1_12' title='bbox 672 624 847 718; x_wconf 84' lang='grc' dir='ltr'><strong>βαις</strong></span> <span class='ocrx_word' id='word_1_13' title='bbox 893 615 1124 710; x_wconf 83' lang='grc' dir='ltr'><strong><em>υἱούς,</em></strong></span> <span class='ocrx_word' id='word_1_14' title='bbox 1172 618 1413 703; x_wconf 78' lang='grc' dir='ltr'><strong><em>νίκαις</em></strong></span> <span class='ocrx_word' id='word_1_15' title='bbox 1458 616 1763 714; x_wconf 81' lang='grc' dir='ltr'><strong>τρίταις,</strong></span> <span class='ocrx_word' id='word_1_16' title='bbox 1817 628 1885 692; x_wconf 92' lang='lat' dir='ltr'><strong>et</strong></span> <span class='ocrx_word' id='word_1_17' title='bbox 1934 628 2122 691; x_wconf 83' lang='lat' dir='ltr'><strong>vetus</strong></span> <span class='ocrx_word' id='word_1_18' title='bbox 2171 622 2302 691; x_wconf 89' lang='lat' dir='ltr'><strong>iam</strong></span> <span class='ocrx_word' id='word_1_19' title='bbox 2353 619 2734 715; x_wconf 82' lang='lat' dir='ltr'><strong>depravatio</strong></span> <span class='ocrx_word' id='word_1_20' title='bbox 2785 619 2891 689; x_wconf 87' lang='lat' dir='ltr'><strong>ul-</strong></span> 
     </span>
     <span class='ocr_line' id='line_1_4' title="bbox 672 717 2890 822; baseline -0.003 -24"><span class='ocrx_word' id='word_1_21' title='bbox 672 724 815 798; x_wconf 90' lang='lat' dir='ltr'><strong>timi</strong></span> <span class='ocrx_word' id='word_1_22' title='bbox 864 741 1119 814; x_wconf 82' lang='lat' dir='ltr'><strong>versus,</strong></span> <span class='ocrx_word' id='word_1_23' title='bbox 1176 725 1412 815; x_wconf 80' lang='grc' dir='ltr'><strong><em>Πηλεῖ</em></strong></span> <span class='ocrx_word' id='word_1_24' title='bbox 1454 747 1532 794; x_wconf 85' lang='grc' dir='ltr'><strong>τε</strong></span> <span class='ocrx_word' id='word_1_25' title='bbox 1574 720 1898 822; x_wconf 76' lang='grc' dir='ltr'><strong><em>κάγαθῷ</em></strong></span> <span class='ocrx_word' id='word_1_26' title='bbox 1931 722 2035 792; x_wconf 84' lang='lat' dir='ltr'><strong>vel</strong></span> <span class='ocrx_word' id='word_1_27' title='bbox 2076 717 2425 819; x_wconf 79' lang='grc' dir='ltr'><strong>κᾶρίστῳ.</strong></span> <span class='ocrx_word' id='word_1_28' title='bbox 2526 718 2701 792; x_wconf 89' lang='lat' dir='ltr'><strong>Erat</strong></span> <span class='ocrx_word' id='word_1_29' title='bbox 2739 743 2890 791; x_wconf 83' lang='lat' dir='ltr'><strong>vero</strong></span> 
     </span>
     <span class='ocr_line' id='line_1_5' title="bbox 674 821 2892 920; baseline -0.002 -23"><span class='ocrx_word' id='word_1_30' title='bbox 674 824 1005 899; x_wconf 82' lang='lat' dir='ltr'><strong>contraria</strong></span> <span class='ocrx_word' id='word_1_31' title='bbox 1071 825 1174 895; x_wconf 83' lang='lat' dir='ltr'><strong>via</strong></span> <span class='ocrx_word' id='word_1_32' title='bbox 1251 822 1721 915; x_wconf 88' lang='lat' dir='ltr'><strong>incedendum,</strong></span> <span class='ocrx_word' id='word_1_33' title='bbox 1806 823 2216 920; x_wconf 86' lang='lat' dir='ltr'><strong>petendaque</strong></span> <span class='ocrx_word' id='word_1_34' title='bbox 2297 823 2413 893; x_wconf 80' lang='lat' dir='ltr'><strong>lex</strong></span> <span class='ocrx_word' id='word_1_35' title='bbox 2480 821 2787 893; x_wconf 83' lang='lat' dir='ltr'>carminis</span> <span class='ocrx_word' id='word_1_36' title='bbox 2851 844 2892 892; x_wconf 87' lang='lat' dir='ltr'><strong>a</strong></span> 
     </span>
     <span class='ocr_line' id='line_1_6' title="bbox 673 921 2892 1020; baseline -0.003 -20"><span class='ocrx_word' id='word_1_37' title='bbox 673 950 998 1000; x_wconf 87' lang='lat' dir='ltr'><strong>consensu</strong></span> <span class='ocrx_word' id='word_1_38' title='bbox 1061 925 1255 997; x_wconf 83' lang='lat' dir='ltr'><strong>trium</strong></span> <span class='ocrx_word' id='word_1_39' title='bbox 1323 923 1685 1020; x_wconf 88' lang='lat' dir='ltr'><strong>epodorum</strong></span> <span class='ocrx_word' id='word_1_40' title='bbox 1749 931 1978 996; x_wconf 87' lang='lat' dir='ltr'><strong>contra</strong></span> <span class='ocrx_word' id='word_1_41' title='bbox 2041 924 2228 995; x_wconf 88' lang='lat' dir='ltr'><strong>duas.</strong></span> <span class='ocrx_word' id='word_1_42' title='bbox 2328 921 2593 995; x_wconf 81' lang='lat' dir='ltr'>Etenim</span> <span class='ocrx_word' id='word_1_43' title='bbox 2647 923 2718 994; x_wconf 89' lang='lat' dir='ltr'><strong>in</strong></span> <span class='ocrx_word' id='word_1_44' title='bbox 2766 921 2892 993; x_wconf 88' lang='lat' dir='ltr'><strong>tri-</strong></span> 
     </span>
     <span class='ocr_line' id='line_1_7' title="bbox 672 1021 2891 1121; baseline -0.002 -22"><span class='ocrx_word' id='word_1_45' title='bbox 672 1029 793 1099; x_wconf 87' lang='lat' dir='ltr'><strong>bus</strong></span> <span class='ocrx_word' id='word_1_46' title='bbox 843 1021 1020 1099; x_wconf 88' lang='lat' dir='ltr'><strong>illis</strong></span> <span class='ocrx_word' id='word_1_47' title='bbox 1033 1051 1166 1098; x_wconf 90' lang='lat' dir='ltr'><strong>non</strong></span> <span class='ocrx_word' id='word_1_48' title='bbox 1216 1026 1429 1098; x_wconf 89' lang='lat' dir='ltr'><strong>solum</strong></span> <span class='ocrx_word' id='word_1_49' title='bbox 1479 1049 1520 1096; x_wconf 88' lang='lat' dir='ltr'><strong>a</strong></span> <span class='ocrx_word' id='word_1_50' title='bbox 1570 1025 1932 1121; x_wconf 77' lang='lat' dir='ltr'><strong>dispondeo</strong></span> <span class='ocrx_word' id='word_1_51' title='bbox 1997 1024 2075 1096; x_wconf 86' lang='lat' dir='ltr'><strong>fit</strong></span> <span class='ocrx_word' id='word_1_52' title='bbox 2124 1025 2420 1115; x_wconf 81' lang='lat' dir='ltr'><strong>initium,</strong></span> <span class='ocrx_word' id='word_1_53' title='bbox 2493 1023 2649 1114; x_wconf 84' lang='lat' dir='ltr'><strong>sed,</strong></span> <span class='ocrx_word' id='word_1_54' title='bbox 2717 1023 2891 1119; x_wconf 86' lang='lat' dir='ltr'><strong>quod</strong></span> 
     </span>
     <span class='ocr_line' id='line_1_8' title="bbox 673 1125 2889 1223; baseline -0.002 -22"><span class='ocrx_word' id='word_1_55' title='bbox 673 1129 934 1201; x_wconf 88' lang='lat' dir='ltr'><strong>minime</strong></span> <span class='ocrx_word' id='word_1_56' title='bbox 984 1126 1488 1223; x_wconf 86' lang='lat' dir='ltr'><strong>negligendum,</strong></span> <span class='ocrx_word' id='word_1_57' title='bbox 1555 1135 1815 1200; x_wconf 88' lang='lat' dir='ltr'><strong>constat</strong></span> <span class='ocrx_word' id='word_1_58' title='bbox 1877 1127 1996 1198; x_wconf 91' lang='lat' dir='ltr'><strong>ille</strong></span> <span class='ocrx_word' id='word_1_59' title='bbox 2046 1127 2246 1198; x_wconf 82' lang='lat' dir='ltr'><strong>etiam</strong></span> <span class='ocrx_word' id='word_1_60' title='bbox 2295 1126 2367 1197; x_wconf 93' lang='lat' dir='ltr'><strong>in</strong></span> <span class='ocrx_word' id='word_1_61' title='bbox 2418 1125 2713 1198; x_wconf 90' lang='lat' dir='ltr'><strong>omnibus</strong></span> <span class='ocrx_word' id='word_1_62' title='bbox 2765 1125 2889 1196; x_wconf 90' lang='lat' dir='ltr'><strong>tri-</strong></span> 
     </span>
     <span class='ocr_line' id='line_1_9' title="bbox 671 1226 2953 1324; baseline -0.001 -23"><span class='ocrx_word' id='word_1_63' title='bbox 671 1231 792 1301; x_wconf 87' lang='lat' dir='ltr'><strong>bus</strong></span> <span class='ocrx_word' id='word_1_64' title='bbox 844 1253 932 1300; x_wconf 83' lang='lat' dir='ltr'><strong>ex</strong></span> <span class='ocrx_word' id='word_1_65' title='bbox 981 1229 1231 1301; x_wconf 87' lang='lat' dir='ltr'><strong>duobus</strong></span> <span class='ocrx_word' id='word_1_66' title='bbox 1284 1228 1621 1300; x_wconf 82' lang='lat' dir='ltr'><strong>vocabulis</strong></span> <span class='ocrx_word' id='word_1_67' title='bbox 1672 1228 2033 1324; x_wconf 87' lang='lat' dir='ltr'><strong>bisyllabis.</strong></span> <span class='ocrx_word' id='word_1_68' title='bbox 2148 1226 2233 1298; x_wconf 92' lang='lat' dir='ltr'><strong>Id</strong></span> <span class='ocrx_word' id='word_1_69' title='bbox 2302 1250 2456 1298; x_wconf 86' lang='lat' dir='ltr'><strong>vero</strong></span> <span class='ocrx_word' id='word_1_70' title='bbox 2523 1228 2630 1298; x_wconf 84' lang='lat' dir='ltr'><strong>vel</strong></span> <span class='ocrx_word' id='word_1_71' title='bbox 2677 1226 2885 1323; x_wconf 88' lang='lat' dir='ltr'><strong>primo</strong></span> <span class='ocrx_word' id='word_1_72' title='bbox 2950 1267 2953 1268; x_wconf 25' lang='grc' dir='ltr'><strong>ν</strong></span> 
     </span>
     <span class='ocr_line' id='line_1_10' title="bbox 637 1328 2884 1427; baseline -0.001 -24"><span class='ocrx_word' id='word_1_73' title='bbox 637 1332 990 1427; x_wconf 66' lang='lat' dir='ltr'><strong>‚adspectu</strong></span> <span class='ocrx_word' id='word_1_74' title='bbox 1041 1353 1304 1401; x_wconf 89' lang='lat' dir='ltr'><strong>monere</strong></span> <span class='ocrx_word' id='word_1_75' title='bbox 1357 1328 1672 1421; x_wconf 87' lang='lat' dir='ltr'><strong>debebat,</strong></span> <span class='ocrx_word' id='word_1_76' title='bbox 1738 1330 1860 1402; x_wconf 87' lang='lat' dir='ltr'><strong>hos</strong></span> <span class='ocrx_word' id='word_1_77' title='bbox 1921 1353 2067 1401; x_wconf 88' lang='lat' dir='ltr'><strong>esse</strong></span> <span class='ocrx_word' id='word_1_78' title='bbox 2118 1329 2467 1401; x_wconf 82' lang='lat' dir='ltr'><strong>trochaeos</strong></span> <span class='ocrx_word' id='word_1_79' title='bbox 2520 1337 2884 1400; x_wconf 88' lang='lat' dir='ltr'><strong>semantos·</strong></span> 
     </span>
     <span class='ocr_line' id='line_1_11' title="bbox 673 1430 2888 1528; baseline -0.001 -25"><span class='ocrx_word' id='word_1_80' title='bbox 673 1433 906 1528; x_wconf 84' lang='lat' dir='ltr'><strong>quibus</strong></span> <span class='ocrx_word' id='word_1_81' title='bbox 959 1430 1260 1503; x_wconf 81' lang='lat' dir='ltr'><strong>admissis</strong></span> <span class='ocrx_word' id='word_1_82' title='bbox 1329 1431 1474 1527; x_wconf 88' lang='lat' dir='ltr'><strong>quis</strong></span> <span class='ocrx_word' id='word_1_83' title='bbox 1540 1455 1674 1503; x_wconf 93' lang='lat' dir='ltr'><strong>non</strong></span> <span class='ocrx_word' id='word_1_84' title='bbox 1729 1431 1944 1504; x_wconf 87' lang='lat' dir='ltr'><strong>videat</strong></span> <span class='ocrx_word' id='word_1_85' title='bbox 2009 1454 2201 1527; x_wconf 86' lang='lat' dir='ltr'><strong>quam</strong></span> <span class='ocrx_word' id='word_1_86' title='bbox 2252 1438 2319 1501; x_wconf 90' lang='lat' dir='ltr'><strong>et</strong></span> <span class='ocrx_word' id='word_1_87' title='bbox 2371 1452 2570 1526; x_wconf 84' lang='lat' dir='ltr'><strong>grave</strong></span> <span class='ocrx_word' id='word_1_88' title='bbox 2623 1430 2712 1501; x_wconf 87' lang='lat' dir='ltr'><strong>sit</strong></span> <span class='ocrx_word' id='word_1_89' title='bbox 2762 1430 2888 1502; x_wconf 86' lang='lat' dir='ltr'><strong>hoc</strong></span> 
     </span>
     <span class='ocr_line' id='line_1_12' title="bbox 673 1522 2888 1649; baseline -0.002 -44"><span class='ocrx_word' id='word_1_90' title='bbox 673 1541 949 1605; x_wconf 89' lang='lat' dir='ltr'><strong>metrum</strong></span> <span class='ocrx_word' id='word_1_91' title='bbox 1019 1541 1087 1604; x_wconf 86' lang='lat' dir='ltr'><strong>et</strong></span> <span class='ocrx_word' id='word_1_92' title='bbox 1164 1531 1319 1629; x_wconf 79' lang='lat' dir='ltr'><strong>apta</strong></span> <span class='ocrx_word' id='word_1_93' title='bbox 1383 1532 1815 1605; x_wconf 81' lang='lat' dir='ltr'><strong>membrorum</strong></span> <span class='ocrx_word' id='word_1_94' title='bbox 1893 1532 2323 1630; x_wconf 85' lang='lat' dir='ltr'><strong>proportione</strong></span> <span class='ocrx_word' id='word_1_95' title='bbox 2402 1522 2888 1649; x_wconf 77' lang='lat' dir='ltr'><strong>compositum?</strong></span> 
     </span>
     <span class='ocr_line' id='line_1_13' title="bbox 671 1632 2888 1730; baseline -0.001 -24"><span class='ocrx_word' id='word_1_96' title='bbox 671 1634 990 1706; x_wconf 80' lang='lat' dir='ltr'><strong>Proxime</strong></span> <span class='ocrx_word' id='word_1_97' title='bbox 1042 1634 1299 1707; x_wconf 89' lang='lat' dir='ltr'><strong>accedit</strong></span> <span class='ocrx_word' id='word_1_98' title='bbox 1345 1634 1614 1705; x_wconf 81' lang='lat' dir='ltr'><strong>ultimae</strong></span> <span class='ocrx_word' id='word_1_99' title='bbox 1667 1634 1864 1730; x_wconf 89' lang='lat' dir='ltr'><strong>epodi</strong></span> <span class='ocrx_word' id='word_1_100' title='bbox 1914 1658 2170 1724; x_wconf 80' lang='lat' dir='ltr'><strong>versuS,</strong></span> <span class='ocrx_word' id='word_1_101' title='bbox 2231 1632 2343 1730; x_wconf 86' lang='lat' dir='ltr'><strong>qui</strong></span> <span class='ocrx_word' id='word_1_102' title='bbox 2394 1632 2686 1728; x_wconf 88' lang='lat' dir='ltr'><strong>quamvis</strong></span> <span class='ocrx_word' id='word_1_103' title='bbox 2737 1656 2888 1705; x_wconf 89' lang='lat' dir='ltr'><strong>cor-</strong></span> 
     </span>
     <span class='ocr_line' id='line_1_14' title="bbox 672 1733 2888 1833; baseline -0.001 -25"><span class='ocrx_word' id='word_1_104' title='bbox 672 1744 944 1833; x_wconf 87' lang='lat' dir='ltr'><strong>ruptus,</strong></span> <span class='ocrx_word' id='word_1_105' title='bbox 998 1743 1212 1807; x_wconf 87' lang='lat' dir='ltr'><strong>tamen</strong></span> <span class='ocrx_word' id='word_1_106' title='bbox 1264 1758 1460 1806; x_wconf 89' lang='lat' dir='ltr'><strong>unum</strong></span> <span class='ocrx_word' id='word_1_107' title='bbox 1510 1735 1746 1807; x_wconf 90' lang='lat' dir='ltr'><strong>saltem</strong></span> <span class='ocrx_word' id='word_1_108' title='bbox 1795 1759 1925 1806; x_wconf 90' lang='lat' dir='ltr'><strong>uno</strong></span> <span class='ocrx_word' id='word_1_109' title='bbox 1978 1735 2298 1807; x_wconf 84' lang='lat' dir='ltr'><strong>vocabulo</strong></span> <span class='ocrx_word' id='word_1_110' title='bbox 2350 1733 2888 1830; x_wconf 83' lang='lat' dir='ltr'><strong>comprehensum</strong></span> 
     </span>
     <span class='ocr_line' id='line_1_15' title="bbox 673 1834 2888 1934; baseline -0.002 -24"><span class='ocrx_word' id='word_1_111' title='bbox 673 1836 1033 1934; x_wconf 87' lang='lat' dir='ltr'><strong>spondeum</strong></span> <span class='ocrx_word' id='word_1_112' title='bbox 1082 1837 1394 1932; x_wconf 86' lang='lat' dir='ltr'><strong>praebet,</strong></span> <span class='ocrx_word' id='word_1_113' title='bbox 1468 1838 1723 1932; x_wconf 82' lang='grc' dir='ltr'><strong><em>Πηλεῖ.</em></strong></span> <span class='ocrx_word' id='word_1_114' title='bbox 1845 1835 1998 1908; x_wconf 87' lang='lat' dir='ltr'><strong>Non</strong></span> <span class='ocrx_word' id='word_1_115' title='bbox 2063 1844 2166 1908; x_wconf 88' lang='lat' dir='ltr'><strong>est</strong></span> <span class='ocrx_word' id='word_1_116' title='bbox 2230 1843 2446 1907; x_wconf 84' lang='lat' dir='ltr'><strong>autem</strong></span> <span class='ocrx_word' id='word_1_117' title='bbox 2497 1834 2770 1907; x_wconf 88' lang='lat' dir='ltr'><strong>difficile</strong></span> <span class='ocrx_word' id='word_1_118' title='bbox 2824 1834 2888 1906; x_wconf 89' lang='lat' dir='ltr'><strong>ei</strong></span> 
     </span>
     <span class='ocr_line' id='line_1_16' title="bbox 539 1934 2888 2035; baseline -0 -25"><span class='ocrx_word' id='word_1_119' title='bbox 539 1991 558 2002; x_wconf 57' lang='lat'><strong>„</strong></span> <span class='ocrx_word' id='word_1_120' title='bbox 671 1940 949 2010; x_wconf 85' lang='lat' dir='ltr'><strong>alterum</strong></span> <span class='ocrx_word' id='word_1_121' title='bbox 1014 1961 1271 2033; x_wconf 86' lang='lat' dir='ltr'><strong>qnoque</strong></span> <span class='ocrx_word' id='word_1_122' title='bbox 1325 1937 1611 2011; x_wconf 86' lang='lat' dir='ltr'><strong>adiicere</strong></span> <span class='ocrx_word' id='word_1_123' title='bbox 1627 1988 1652 2027; x_wconf 87' lang='lat'><strong><em>,</em></strong></span> <span class='ocrx_word' id='word_1_124' title='bbox 1725 1938 2071 2035; x_wconf 82' lang='lat' dir='ltr'><strong>expulsum</strong></span> <span class='ocrx_word' id='word_1_125' title='bbox 2137 1960 2178 2008; x_wconf 86' lang='lat' dir='ltr'><strong>a</strong></span> <span class='ocrx_word' id='word_1_126' title='bbox 2229 1937 2521 2009; x_wconf 85' lang='lat' dir='ltr'><strong>metricis</strong></span> <span class='ocrx_word' id='word_1_127' title='bbox 2570 1936 2702 2009; x_wconf 88' lang='lat' dir='ltr'><strong>isto</strong></span> <span class='ocrx_word' id='word_1_128' title='bbox 2753 1934 2888 2010; x_wconf 83' lang='grc' dir='ltr'><strong>κᾶ-</strong></span> 
     </span>
     <span class='ocr_line' id='line_1_17' title="bbox 668 2023 2888 2141; baseline -0.001 -30"><span class='ocrx_word' id='word_1_129' title='bbox 668 2041 896 2141; x_wconf 74' lang='grc' dir='ltr'><strong>γαθῷ</strong></span> <span class='ocrx_word' id='word_1_130' title='bbox 961 2040 1069 2111; x_wconf 85' lang='lat' dir='ltr'><strong>vel</strong></span> <span class='ocrx_word' id='word_1_131' title='bbox 1130 2034 1479 2136; x_wconf 76' lang='grc' dir='ltr'><strong>κᾶρίστῳ.</strong></span> <span class='ocrx_word' id='word_1_132' title='bbox 1615 2036 1741 2113; x_wconf 80' lang='lat' dir='ltr'><strong>Sio</strong></span> <span class='ocrx_word' id='word_1_133' title='bbox 1804 2040 1977 2112; x_wconf 89' lang='lat' dir='ltr'><strong>enim</strong></span> <span class='ocrx_word' id='word_1_134' title='bbox 2044 2038 2489 2110; x_wconf 88' lang='lat' dir='ltr'><strong>restituendus</strong></span> <span class='ocrx_word' id='word_1_135' title='bbox 2550 2023 2679 2110; x_wconf 87' lang='lat' dir='ltr'><strong>ille</strong></span> <span class='ocrx_word' id='word_1_136' title='bbox 2736 2062 2888 2111; x_wconf 84' lang='lat' dir='ltr'><strong>ver-</strong></span> 
     </span>
    </p>
   </div>
   <div class='ocr_carea' id='block_1_3' title="bbox 672 2148 972 2214">
    <p class='ocr_par' dir='ltr' id='par_1_3' title="bbox 672 2148 972 2214">
     <span class='ocr_line' id='line_1_18' title="bbox 672 2148 972 2214; baseline -0.01 0"><span class='ocrx_word' id='word_1_137' title='bbox 672 2166 785 2214; x_wconf 84' lang='lat' dir='ltr'><strong>sus</strong></span> <span class='ocrx_word' id='word_1_138' title='bbox 832 2148 972 2213; x_wconf 88' lang='lat' dir='ltr'><strong>est.</strong></span> 
     </span>
    </p>
   </div>
   <div class='ocr_carea' id='block_1_4' title="bbox 925 2285 2875 2489">
    <p class='ocr_par' dir='ltr' id='par_1_4' title="bbox 925 2285 2875 2489">
     <span class='ocr_line' id='line_1_19' title="bbox 925 2285 2875 2466; baseline -0.001 -101"><span class='ocrx_word' id='word_1_139' title='bbox 925 2294 1162 2387; x_wconf 83' lang='grc' dir='ltr'><strong><em>Πηλεῖ</em></strong></span> <span class='ocrx_word' id='word_1_140' title='bbox 1218 2289 1286 2363; x_wconf 73' lang='grc' dir='ltr'><strong>τ’</strong></span> <span class='ocrx_word' id='word_1_141' title='bbox 1362 2292 1615 2389; x_wconf 72' lang='grc' dir='ltr'><strong>ἐσθλῷ</strong></span> <span class='ocrx_word' id='word_1_142' title='bbox 1628 2344 1656 2379; x_wconf 92' lang='lat'><em>,</em></span> <span class='ocrx_word' id='word_1_143' title='bbox 1726 2287 1853 2364; x_wconf 83' lang='grc' dir='ltr'><strong>καὶ</strong></span> <span class='ocrx_word' id='word_1_144' title='bbox 1916 2286 2060 2466; x_wconf 53' lang='grc' dir='ltr'><strong>σῗιὶ</strong></span> <span class='ocrx_word' id='word_1_145' title='bbox 2117 2285 2536 2465; x_wconf 48' lang='grc' dir='ltr'><strong>Ξῖλὲιίμωνι,</strong></span> <span class='ocrx_word' id='word_1_146' title='bbox 2604 2286 2749 2366; x_wconf 79' lang='grc' dir='ltr'><strong>σύν</strong></span> <span class='ocrx_word' id='word_1_147' title='bbox 2810 2289 2875 2364; x_wconf 72' lang='grc' dir='ltr'><strong>τ’</strong></span> 
     </span>
     <span class='ocr_line' id='line_1_20' title="bbox 2045 2421 2294 2489; baseline 0.004 -23"><span class='ocrx_word' id='word_1_148' title='bbox 2045 2421 2125 2489; x_wconf 87' lang='grc' dir='ltr'><strong>χι</strong></span> <span class='ocrx_word' id='word_1_149' title='bbox 2210 2422 2294 2467; x_wconf 91' lang='grc' dir='ltr'><strong>ει.</strong></span> 
     </span>
    </p>
   </div>
   <div class='ocr_carea' id='block_1_5' title="bbox 531 2542 2886 3042">
    <p class='ocr_par' dir='ltr' id='par_1_5' title="bbox 531 2542 2886 3042">
     <span class='ocr_line' id='line_1_21' title="bbox 531 2542 2885 2663; baseline 0 -46"><span class='ocrx_word' id='word_1_150' title='bbox 531 2573 542 2578; x_wconf 62' lang='grc'><strong><em>’</em></strong></span> <span class='ocrx_word' id='word_1_151' title='bbox 669 2545 819 2637; x_wconf 77' lang='lat' dir='ltr'><strong>Qua</strong></span> <span class='ocrx_word' id='word_1_152' title='bbox 883 2544 956 2616; x_wconf 90' lang='lat' dir='ltr'><strong>in</strong></span> <span class='ocrx_word' id='word_1_153' title='bbox 1020 2543 1351 2639; x_wconf 87' lang='lat' dir='ltr'><strong>scriptura</strong></span> <span class='ocrx_word' id='word_1_154' title='bbox 1413 2542 1611 2614; x_wconf 88' lang='lat' dir='ltr'><strong>simul</strong></span> <span class='ocrx_word' id='word_1_155' title='bbox 1676 2544 2080 2617; x_wconf 87' lang='lat' dir='ltr'><strong>observanda</strong></span> <span class='ocrx_word' id='word_1_156' title='bbox 2132 2552 2236 2617; x_wconf 91' lang='lat' dir='ltr'><strong>est</strong></span> <span class='ocrx_word' id='word_1_157' title='bbox 2296 2544 2500 2663; x_wconf 81' lang='lat' dir='ltr'><strong>longa</strong></span> <span class='ocrx_word' id='word_1_158' title='bbox 2549 2545 2885 2633; x_wconf 82' lang='lat' dir='ltr'><strong>anacrusis</strong></span> 
     </span>
     <span class='ocr_line' id='line_1_22' title="bbox 635 2627 2886 2739; baseline 0 -20"><span class='ocrx_word' id='word_1_159' title='bbox 635 2645 940 2719; x_wconf 75' lang='lat' dir='ltr'><strong>&#39;membri</strong></span> <span class='ocrx_word' id='word_1_160' title='bbox 990 2645 1211 2733; x_wconf 87' lang='lat' dir='ltr'><strong>tertii,</strong></span> <span class='ocrx_word' id='word_1_161' title='bbox 1299 2666 1490 2738; x_wconf 86' lang='lat' dir='ltr'><strong>quam</strong></span> <span class='ocrx_word' id='word_1_162' title='bbox 1553 2644 1898 2739; x_wconf 85' lang='lat' dir='ltr'><strong>legitiman</strong></span> <span class='ocrx_word' id='word_1_163' title='bbox 1964 2669 2112 2718; x_wconf 84' lang='lat' dir='ltr'><strong>esse</strong></span> <span class='ocrx_word' id='word_1_164' title='bbox 2178 2670 2258 2717; x_wconf 86' lang='lat' dir='ltr'><strong>eo</strong></span> <span class='ocrx_word' id='word_1_165' title='bbox 2326 2648 2536 2718; x_wconf 87' lang='lat' dir='ltr'><strong>minus</strong></span> <span class='ocrx_word' id='word_1_166' title='bbox 2570 2627 2886 2719; x_wconf 86' lang='lat' dir='ltr'><strong>dubitari</strong></span> 
     </span>
     <span class='ocr_line' id='line_1_23' title="bbox 670 2736 2886 2865; baseline 0.002 -48"><span class='ocrx_word' id='word_1_167' title='bbox 670 2753 929 2865; x_wconf 86' lang='lat' dir='ltr'><strong>potest,</strong></span> <span class='ocrx_word' id='word_1_168' title='bbox 1000 2742 1173 2839; x_wconf 88' lang='lat' dir='ltr'><strong>quod</strong></span> <span class='ocrx_word' id='word_1_169' title='bbox 1234 2742 1305 2812; x_wconf 92' lang='lat' dir='ltr'><strong>in</strong></span> <span class='ocrx_word' id='word_1_170' title='bbox 1357 2752 1593 2838; x_wconf 85' lang='lat' dir='ltr'><strong>quarta</strong></span> <span class='ocrx_word' id='word_1_171' title='bbox 1640 2744 1853 2840; x_wconf 92' lang='lat' dir='ltr'><strong>epodo</strong></span> <span class='ocrx_word' id='word_1_172' title='bbox 1904 2747 2093 2817; x_wconf 86' lang='lat' dir='ltr'><strong>multi</strong></span> <span class='ocrx_word' id='word_1_173' title='bbox 2144 2736 2407 2819; x_wconf 88' lang='lat' dir='ltr'><strong>codices</strong></span> <span class='ocrx_word' id='word_1_174' title='bbox 2456 2747 2774 2843; x_wconf 81' lang='lat' dir='ltr'><strong>praebent</strong></span> <span class='ocrx_word' id='word_1_175' title='bbox 2822 2740 2886 2820; x_wconf 80' lang='grc' dir='ltr'><strong><em>ὦ</em></strong></span> 
     </span>
     <span class='ocr_line' id='line_1_24' title="bbox 654 2839 2883 2944; baseline 0.001 -26.051"><span class='ocrx_word' id='word_1_176' title='bbox 654 2839 1128 2944; x_wconf 65' lang='grc' dir='ltr'><strong>’ριστόμενεςκ</strong></span> <span class='ocrx_word' id='word_1_177' title='bbox 1230 2840 1341 2914; x_wconf 82' lang='lat' dir='ltr'><strong>Ita</strong></span> <span class='ocrx_word' id='word_1_178' title='bbox 1389 2868 1519 2914; x_wconf 88' lang='lat' dir='ltr'><strong>una</strong></span> <span class='ocrx_word' id='word_1_179' title='bbox 1569 2853 1823 2917; x_wconf 89' lang='lat' dir='ltr'><strong>tantum</strong></span> <span class='ocrx_word' id='word_1_180' title='bbox 1869 2847 2261 2944; x_wconf 83' lang='lat' dir='ltr'><strong>relinquitur</strong></span> <span class='ocrx_word' id='word_1_181' title='bbox 2303 2849 2517 2921; x_wconf 84' lang='lat' dir='ltr'><strong>brevis</strong></span> <span class='ocrx_word' id='word_1_182' title='bbox 2547 2849 2883 2923; x_wconf 87' lang='lat' dir='ltr'><strong>anacrusis</strong></span> 
     </span>
     <span class='ocr_line' id='line_1_25' title="bbox 668 2944 1835 3042; baseline -0.002 -21"><span class='ocrx_word' id='word_1_183' title='bbox 668 2950 738 3021; x_wconf 88' lang='lat' dir='ltr'><strong>in</strong></span> <span class='ocrx_word' id='word_1_184' title='bbox 790 2948 1018 3020; x_wconf 85' lang='lat' dir='ltr'><strong>vitiato</strong></span> <span class='ocrx_word' id='word_1_185' title='bbox 1071 2944 1304 3017; x_wconf 82' lang='lat' dir='ltr'><strong>tertiae</strong></span> <span class='ocrx_word' id='word_1_186' title='bbox 1357 2945 1553 3042; x_wconf 91' lang='lat' dir='ltr'><strong>epodi</strong></span> <span class='ocrx_word' id='word_1_187' title='bbox 1608 2970 1835 3019; x_wconf 90' lang='lat' dir='ltr'><strong>versu.</strong></span> 
     </span>
    </p>
   </div>
   <div class='ocr_carea' id='block_1_6' title="bbox 621 3090 2769 3203">
    <p class='ocr_par' dir='ltr' id='par_1_6' title="bbox 621 3090 2769 3203">
     <span class='ocr_line' id='line_1_26' title="bbox 621 3090 2769 3203; baseline 0.002 -31"><span class='ocrx_word' id='word_1_188' title='bbox 621 3099 670 3172; x_wconf 83' lang='lat'>8</span> <span class='ocrx_word' id='word_1_189' title='bbox 870 3090 1416 3194; x_wconf 79' lang='grc' dir='ltr'><em>μαντευμάτων</em></span> <span class='ocrx_word' id='word_1_190' title='bbox 1461 3095 1530 3170; x_wconf 75' lang='grc' dir='ltr'><strong>τ’</strong></span> <span class='ocrx_word' id='word_1_191' title='bbox 1589 3093 1935 3197; x_wconf 78' lang='grc' dir='ltr'><em>ἐφάψατο</em></span> <span class='ocrx_word' id='word_1_192' title='bbox 1984 3096 2411 3203; x_wconf 75' lang='grc' dir='ltr'><strong>συγγόνοισι</strong></span> <span class='ocrx_word' id='word_1_193' title='bbox 2442 3100 2769 3198; x_wconf 76' lang='grc' dir='ltr'><strong>τέχναις.</strong></span> 
     </span>
    </p>
   </div>
   <div class='ocr_carea' id='block_1_7' title="bbox 670 3246 3000 3350">
    <p class='ocr_par' dir='ltr' id='par_1_7' title="bbox 670 3246 3000 3350">
     <span class='ocr_line' id='line_1_27' title="bbox 670 3246 3000 3350; baseline 0.003 -29"><span class='ocrx_word' id='word_1_194' title='bbox 670 3250 884 3342; x_wconf 76' lang='lat' dir='ltr'><strong>Quem</strong></span> <span class='ocrx_word' id='word_1_195' title='bbox 945 3249 1076 3320; x_wconf 86' lang='lat' dir='ltr'><strong>iam</strong></span> <span class='ocrx_word' id='word_1_196' title='bbox 1140 3249 1461 3321; x_wconf 88' lang='lat' dir='ltr'><strong>neminem</strong></span> <span class='ocrx_word' id='word_1_197' title='bbox 1523 3249 1990 3323; x_wconf 83' lang='lat' dir='ltr'><strong>haesitaturum</strong></span> <span class='ocrx_word' id='word_1_198' title='bbox 2057 3253 2254 3327; x_wconf 88' lang='lat' dir='ltr'><strong>credo</strong></span> <span class='ocrx_word' id='word_1_199' title='bbox 2318 3253 2476 3350; x_wconf 86' lang='lat' dir='ltr'><strong>quin</strong></span> <span class='ocrx_word' id='word_1_200' title='bbox 2524 3255 2607 3328; x_wconf 87' lang='lat' dir='ltr'><strong>ad</strong></span> <span class='ocrx_word' id='word_1_201' title='bbox 2656 3279 2884 3328; x_wconf 83' lang='lat' dir='ltr'><strong>exem·-</strong></span> <span class='ocrx_word' id='word_1_202' title='bbox 2992 3246 3000 3254; x_wconf 65' lang='grc'><strong>’</strong></span> 
     </span>
    </p>
   </div>
   <div class='ocr_carea' id='block_1_8' title="bbox 670 3351 2884 3653">
    <p class='ocr_par' dir='ltr' id='par_1_8' title="bbox 670 3351 2884 3653">
     <span class='ocr_line' id='line_1_28' title="bbox 670 3351 2884 3454; baseline 0.003 -30"><span class='ocrx_word' id='word_1_203' title='bbox 670 3356 852 3451; x_wconf 88' lang='lat' dir='ltr'><strong>plum</strong></span> <span class='ocrx_word' id='word_1_204' title='bbox 902 3359 1311 3424; x_wconf 85' lang='lat' dir='ltr'><strong>caeterorum</strong></span> <span class='ocrx_word' id='word_1_205' title='bbox 1357 3351 1456 3423; x_wconf 87' lang='lat' dir='ltr'><strong>ita</strong></span> <span class='ocrx_word' id='word_1_206' title='bbox 1505 3351 1754 3448; x_wconf 81' lang='lat' dir='ltr'><strong>corrigi</strong></span> <span class='ocrx_word' id='word_1_207' title='bbox 1803 3354 1990 3445; x_wconf 83' lang='lat' dir='ltr'><strong>velit,</strong></span> <span class='ocrx_word' id='word_1_208' title='bbox 2041 3362 2121 3426; x_wconf 89' lang='grc' dir='ltr'><strong>ιιι</strong></span> <span class='ocrx_word' id='word_1_209' title='bbox 2165 3363 2233 3427; x_wconf 90' lang='lat' dir='ltr'><strong>et</strong></span> <span class='ocrx_word' id='word_1_210' title='bbox 2263 3358 2600 3430; x_wconf 87' lang='lat' dir='ltr'><strong>anacrusis</strong></span> <span class='ocrx_word' id='word_1_211' title='bbox 2630 3357 2884 3454; x_wconf 89' lang='lat' dir='ltr'><strong>produ·-</strong></span> 
     </span>
     <span class='ocr_line' id='line_1_29' title="bbox 671 3452 2880 3552; baseline 0.002 -25"><span class='ocrx_word' id='word_1_212' title='bbox 671 3464 860 3527; x_wconf 88' lang='lat' dir='ltr'><strong>catur</strong></span> <span class='ocrx_word' id='word_1_213' title='bbox 921 3459 990 3524; x_wconf 89' lang='lat' dir='ltr'><strong>et</strong></span> <span class='ocrx_word' id='word_1_214' title='bbox 1053 3452 1182 3525; x_wconf 90' lang='lat' dir='ltr'><strong>duo</strong></span> <span class='ocrx_word' id='word_1_215' title='bbox 1232 3452 1663 3525; x_wconf 85' lang='lat' dir='ltr'><strong>restituantur</strong></span> <span class='ocrx_word' id='word_1_216' title='bbox 1725 3452 1976 3526; x_wconf 83' lang='lat' dir='ltr'><strong>dnobus</strong></span> <span class='ocrx_word' id='word_1_217' title='bbox 2037 3456 2109 3527; x_wconf 87' lang='lat' dir='ltr'><strong>in</strong></span> <span class='ocrx_word' id='word_1_218' title='bbox 2157 3456 2493 3552; x_wconf 85' lang='lat' dir='ltr'><strong>bisyllabis</strong></span> <span class='ocrx_word' id='word_1_219' title='bbox 2543 3459 2880 3532; x_wconf 81' lang='lat' dir='ltr'><strong>vocabulis</strong></span> 
     </span>
     <span class='ocr_line' id='line_1_30' title="bbox 670 3553 2882 3653; baseline 0.003 -25"><span class='ocrx_word' id='word_1_220' title='bbox 670 3553 973 3652; x_wconf 87' lang='lat' dir='ltr'><strong>spondei.</strong></span> <span class='ocrx_word' id='word_1_221' title='bbox 1074 3553 1649 3651; x_wconf 87' lang='lat' dir='ltr'><strong>Peropportunum</strong></span> <span class='ocrx_word' id='word_1_222' title='bbox 1698 3579 1855 3627; x_wconf 83' lang='lat' dir='ltr'><strong>vero</strong></span> <span class='ocrx_word' id='word_1_223' title='bbox 1908 3564 2034 3648; x_wconf 89' lang='lat' dir='ltr'><strong>est,</strong></span> <span class='ocrx_word' id='word_1_224' title='bbox 2088 3558 2325 3653; x_wconf 88' lang='lat' dir='ltr'><strong>quod</strong></span> <span class='ocrx_word' id='word_1_225' title='bbox 2302 3584 2375 3630; x_wconf 89' lang='grc' dir='ltr'><strong>ιιι</strong></span> <span class='ocrx_word' id='word_1_226' title='bbox 2408 3561 2680 3634; x_wconf 87' lang='lat' dir='ltr'><strong>scholiis</strong></span> <span class='ocrx_word' id='word_1_227' title='bbox 2709 3561 2882 3634; x_wconf 89' lang='lat' dir='ltr'><strong>scri-</strong></span> 
     </span>
    </p>
   </div>
   <div class='ocr_carea' id='block_1_9' title="bbox 477 3643 2883 3782">
    <p class='ocr_par' dir='ltr' id='par_1_9' title="bbox 477 3643 2883 3782">
     <span class='ocr_line' id='line_1_31' title="bbox 477 3643 2883 3782; baseline 0.005 -57"><span class='ocrx_word' id='word_1_228' title='bbox 477 3643 484 3652; x_wconf 61' lang='grc'><em>’</em></span> <span class='ocrx_word' id='word_1_229' title='bbox 534 3654 547 3665; x_wconf 82' lang='grc'><strong><em>’</em></strong></span> <span class='ocrx_word' id='word_1_230' title='bbox 667 3663 851 3782; x_wconf 85' lang='lat' dir='ltr'><strong>ptum</strong></span> <span class='ocrx_word' id='word_1_231' title='bbox 901 3654 1262 3727; x_wconf 81' lang='lat' dir='ltr'><strong>videmus.·</strong></span> <span class='ocrx_word' id='word_1_232' title='bbox 1259 3653 1439 3728; x_wconf 83' lang='grc' dir='ltr'><strong>καὶ</strong></span> <span class='ocrx_word' id='word_1_233' title='bbox 1498 3662 1630 3751; x_wconf 83' lang='grc' dir='ltr'><strong>τῆς</strong></span> <span class='ocrx_word' id='word_1_234' title='bbox 1687 3654 2038 3752; x_wconf 75' lang='grc' dir='ltr'><strong><em>μαντείας</em></strong></span> <span class='ocrx_word' id='word_1_235' title='bbox 2086 3655 2422 3757; x_wconf 77' lang='grc' dir='ltr'><strong><em>ἐφήψατο</em></strong></span> <span class='ocrx_word' id='word_1_236' title='bbox 2484 3661 2610 3736; x_wconf 81' lang='grc' dir='ltr'><strong>καὶ</strong></span> <span class='ocrx_word' id='word_1_237' title='bbox 2660 3659 2883 3745; x_wconf 77' lang='grc' dir='ltr'><strong><em>αὐτὸς</em></strong></span> 
     </span>
    </p>
   </div>
   <div class='ocr_carea' id='block_1_10' title="bbox 667 3751 2681 3858">
    <p class='ocr_par' dir='ltr' id='par_1_10' title="bbox 667 3751 2681 3858">
     <span class='ocr_line' id='line_1_32' title="bbox 667 3751 2681 3858; baseline 0.003 -27"><span class='ocrx_word' id='word_1_238' title='bbox 667 3755 779 3833; x_wconf 82' lang='grc' dir='ltr'><strong>ὠν</strong></span> <span class='ocrx_word' id='word_1_239' title='bbox 824 3751 1109 3853; x_wconf 79' lang='grc' dir='ltr'><strong>μάντις.</strong></span> <span class='ocrx_word' id='word_1_240' title='bbox 1211 3754 1648 3830; x_wconf 76' lang='lat' dir='ltr'><strong>scribendum</strong></span> <span class='ocrx_word' id='word_1_241' title='bbox 1699 3759 1871 3830; x_wconf 89' lang='lat' dir='ltr'><strong>enim</strong></span> <span class='ocrx_word' id='word_1_242' title='bbox 1920 3761 2199 3857; x_wconf 83' lang='lat' dir='ltr'><strong>expulso</strong></span> <span class='ocrx_word' id='word_1_243' title='bbox 2250 3764 2681 3858; x_wconf 84' lang='lat' dir='ltr'><strong>glossemate·</strong></span> 
     </span>
    </p>
   </div>
   <div class='ocr_carea' id='block_1_11' title="bbox 916 3903 2877 4140">
    <p class='ocr_par' dir='ltr' id='par_1_11' title="bbox 916 3903 2877 4117">
     <span class='ocr_line' id='line_1_33' title="bbox 916 3903 2653 4045; baseline 0.006 -66"><span class='ocrx_word' id='word_1_244' title='bbox 916 3903 1184 4035; x_wconf 89' lang='grc' dir='ltr'><strong><em>γείτων</em></strong></span> <span class='ocrx_word' id='word_1_245' title='bbox 1233 3905 1346 3982; x_wconf 88' lang='grc' dir='ltr'><strong>ότι</strong></span> <span class='ocrx_word' id='word_1_246' title='bbox 1392 3935 1521 4003; x_wconf 90' lang='grc' dir='ltr'><strong>μοι</strong></span> <span class='ocrx_word' id='word_1_247' title='bbox 1569 3908 1697 3982; x_wconf 81' lang='grc' dir='ltr'><strong>καὶ</strong></span> <span class='ocrx_word' id='word_1_248' title='bbox 1742 3905 2076 3986; x_wconf 81' lang='grc' dir='ltr'><strong><em>κτεάνων</em></strong></span> <span class='ocrx_word' id='word_1_249' title='bbox 2123 3906 2370 4008; x_wconf 81' lang='grc' dir='ltr'><strong><em>φύλαξ</em></strong></span> <span class='ocrx_word' id='word_1_250' title='bbox 2412 3916 2653 4045; x_wconf 72' lang='grc' dir='ltr'><strong><em>ἐμῶν</em></strong></span> 
     </span>
     <span class='ocr_line' id='line_1_34' title="bbox 918 3999 2877 4140; baseline 0.006 -58"><span class='ocrx_word' id='word_1_251' title='bbox 918 4004 1305 4083; x_wconf 79' lang='grc' dir='ltr'><strong><em>ὖπάντασέ</em></strong></span> <span class='ocrx_word' id='word_1_252' title='bbox 1342 3999 1411 4083; x_wconf 73' lang='grc' dir='ltr'><strong>τ’</strong></span> <span class='ocrx_word' id='word_1_253' title='bbox 1481 4003 1670 4084; x_wconf 72' lang='grc' dir='ltr'><strong>ἰόντι</strong></span> <span class='ocrx_word' id='word_1_254' title='bbox 1717 4018 1858 4140; x_wconf 82' lang='grc' dir='ltr'><strong>γᾶς</strong></span> <span class='ocrx_word' id='word_1_255' title='bbox 1907 4012 2249 4111; x_wconf 79' lang='grc' dir='ltr'><strong><em>ὀμφαλὸν</em></strong></span> <span class='ocrx_word' id='word_1_256' title='bbox 2296 4017 2469 4117; x_wconf 74' lang='grc' dir='ltr'><strong><em>παρ’</em></strong></span> <span class='ocrx_word' id='word_1_257' title='bbox 2529 4014 2877 4116; x_wconf 78' lang='grc' dir='ltr'><strong>ἀοίδιμον</strong></span> 
     </span>
    </p>
   </div>
   <div class='ocr_carea' id='block_1_12' title="bbox 917 4104 2875 4311">
    <p class='ocr_par' dir='ltr' id='par_1_12' title="bbox 917 4104 2875 4311">
     <span class='ocr_line' id='line_1_35' title="bbox 917 4104 2875 4237; baseline 0.007 -56"><span class='ocrx_word' id='word_1_258' title='bbox 917 4104 1222 4205; x_wconf 80' lang='grc' dir='ltr'><strong>μάντις,</strong></span> <span class='ocrx_word' id='word_1_259' title='bbox 1297 4118 1663 4237; x_wconf 77' lang='grc' dir='ltr'><strong><em>χρησμῶν</em></strong></span> <span class='ocrx_word' id='word_1_260' title='bbox 1724 4112 1793 4187; x_wconf 69' lang='grc' dir='ltr'><strong>τ’</strong></span> <span class='ocrx_word' id='word_1_261' title='bbox 1867 4112 2059 4212; x_wconf 73' lang='grc' dir='ltr'><strong><em>ἄμφ’</em></strong></span> <span class='ocrx_word' id='word_1_262' title='bbox 2133 4113 2379 4213; x_wconf 78' lang='grc' dir='ltr'><strong><em>ἅψατο</em></strong></span> <span class='ocrx_word' id='word_1_263' title='bbox 2448 4117 2875 4234; x_wconf 74' lang='grc' dir='ltr'><strong>συγγόνοισι</strong></span> 
     </span>
     <span class='ocr_line' id='line_1_36' title="bbox 1966 4213 2277 4311; baseline 0.01 -23"><span class='ocrx_word' id='word_1_264' title='bbox 1966 4213 2277 4311; x_wconf 76' lang='grc' dir='ltr'><strong>τέχναις.</strong></span> 
     </span>
    </p>
   </div>
   <div class='ocr_carea' id='block_1_13' title="bbox 668 4343 2941 4471">
    <p class='ocr_par' dir='ltr' id='par_1_13' title="bbox 668 4343 2941 4471">
     <span class='ocr_line' id='line_1_37' title="bbox 668 4343 2941 4471; baseline 0.005 -35"><span class='ocrx_word' id='word_1_265' title='bbox 668 4363 733 4436; x_wconf 89' lang='grc' dir='ltr'><strong>Ι.</strong></span> <span class='ocrx_word' id='word_1_266' title='bbox 783 4385 848 4438; x_wconf 74' lang='grc' dir='ltr'><strong>θ.</strong></span> <span class='ocrx_word' id='word_1_267' title='bbox 910 4360 1157 4460; x_wconf 75' lang='grc' dir='ltr'><strong><em>ἥψατο</em></strong></span> <span class='ocrx_word' id='word_1_268' title='bbox 1207 4358 1621 4470; x_wconf 25' lang='grc' dir='ltr'><strong>συγγόνοις-</strong></span> <span class='ocrx_word' id='word_1_269' title='bbox 1659 4393 1948 4462; x_wconf 77' lang='grc' dir='ltr'><strong>τεχναις</strong></span> <span class='ocrx_word' id='word_1_270' title='bbox 1995 4367 2195 4467; x_wconf 80' lang='grc' dir='ltr'><strong><em>ἀμφὶ</em></strong></span> <span class='ocrx_word' id='word_1_271' title='bbox 2255 4379 2635 4471; x_wconf 69' lang='grc' dir='ltr'><strong>χρησμῶν.1</strong></span> <span class='ocrx_word' id='word_1_272' title='bbox 2748 4343 2941 4449; x_wconf 53' lang='lat' dir='ltr'><strong>Si·-x</strong></span> 
     </span>
    </p>
   </div>
  </div>
 </body>
</html>
