3192 4992
1157 348 1274 409 DE
1333 346 1791 413 ATLANTE.
2456 350 2586 419 m

374 515 582 589 videri
629 515 959 611 oportuit.
1021 537 1174 586 nam
1222 513 1462 592 relicta
1510 515 1836 589 communi
1884 515 2232 613 opinione,
2283 541 2451 615 quae
2499 521 2584 593 ab
2702 510 2714 521 ⁸

369 618 637 691 Atlante
685 617 833 735 ipso
885 616 1141 688 caelum
1191 624 1559 711 terramque
1594 616 1908 690 sustineri
1943 618 2107 709 vult,
2160 619 2401 693 cecinit
2434 621 2579 713 illa,
2674 693 2683 706 ,

371 742 533 815 quae
582 726 736 789 suut
782 718 852 789 in
904 718 1116 813 primo
1166 711 1338 790 libro
1390 714 1759 813 Odysseae.
1859 716 2136 813 Duplex
2194 720 2265 792 in
2313 719 2420 793 liis
2470 745 2583 794 er-

366 844 479 892 ror
525 827 658 891 est.
755 817 1051 890 Primum
1101 819 1315 909 euim,
1367 842 1564 914 quum
1614 817 1914 894 Hesiodo
1965 820 2220 892 fabulas
2269 845 2580 895 enarrare
2658 875 2663 884 -

361 920 772 1017 propositum
823 920 1047 1011 fuerit,
1098 918 1430 992 Homerus
1479 929 1736 1014 autem,
1792 897 2279 1018 opportunitate
2331 924 2580 1016 oblata,

359 1022 807 1094 tantummodo
836 1030 1026 1118 parte
1058 1021 1318 1093 fabulae
1361 1021 1451 1093 sit
1478 1041 1663 1114 usus,
1716 1024 1899 1095 nulla
1931 1046 2165 1095 caussa
2192 1031 2321 1114 cst,
2376 1048 2579 1122 quaro

360 1123 508 1218 quis
551 1124 928 1213 contendat,
979 1122 1369 1194 sententiam
1409 1122 1668 1195 fabulae
1701 1125 1991 1220 ignotam
2020 1124 2226 1198 fuisse
2255 1124 2579 1200 Homero.

358 1222 581 1296 Credo
634 1223 892 1321 quidem
944 1248 1070 1321 ego
1122 1248 1406 1320 quoque,
1457 1224 1751 1321 ignotam
1785 1226 1848 1298 ei
1889 1225 2132 1298 fuisse·
2186 1250 2407 1298 verum
2441 1252 2578 1302 nou

355 1334 634 1422 propter
679 1326 837 1416 illa,
891 1349 1058 1422 quae
1110 1326 1191 1397 de
1244 1349 1324 1397 ea
1372 1326 1614 1418 refert,
1666 1327 1784 1399 sed
1835 1327 2008 1423 quod
2061 1327 2223 1399 nihil
2275 1337 2403 1419 est,
2456 1352 2577 1402 cur

356 1450 509 1499 eum
558 1427 771 1499 minus
822 1427 1158 1500 credulum
1208 1450 1402 1523 quam
1449 1451 1708 1500 omnem
1761 1426 2113 1502 Graeciam
2162 1427 2371 1501 fuisse
2422 1431 2575 1502 exi-

203 1511 210 1525 ’
354 1528 651 1604 stimem·
703 1528 912 1625 quin,
965 1529 1027 1600 si
1077 1529 1181 1600 vel
1232 1529 1514 1600 maxime
1566 1538 1981 1626 perspectum
2030 1531 2366 1604 habuisset
2414 1531 2575 1627 qaid

352 1628 488 1701 ista
548 1630 772 1702 fabula
832 1629 1277 1725 significaret,
1364 1630 1779 1703 dissimulare
1855 1631 1926 1702 id
1989 1640 2251 1727 poetam
2315 1633 2575 1728 epicum

354 1730 729 1827 oportebat.
828 1730 1089 1803 Deinde
1144 1755 1298 1804 vero
1350 1756 1479 1827 quo
1528 1733 1675 1804 iure
1725 1733 1986 1805 tandem
2035 1732 2198 1805 dicit
2230 1731 2571 1805 Heffterus

352 1830 741 1905 discessisse
791 1827 1148 1905 Homerum
1216 1857 1257 1904 a
1306 1835 1632 1905 communi
1684 1834 1992 1931 opinione
2015 1826 2054 1906 P
2153 1832 2345 1906 Unde
2397 1836 2572 1908 euim

350 1943 756 2030 compertum
832 1933 1031 2006 habet
1116 1958 1283 2029 quae
1364 1944 1501 2007 tum
1588 1936 1948 2007 communis
2032 1929 2257 2031 opinio
2341 1935 2569 2027 fuerit,

350 2057 547 2129 quum
597 2042 861 2131 praeter
907 2036 1124 2132 ipsum
1172 2033 1533 2110 Homerum
1599 2038 1820 2110 nullus
1884 2037 2076 2109 testis
2128 2044 2385 2128 exstet,
2438 2038 2572 2155 qui

346 2136 524 2232 quid
570 2137 689 2207 alii
752 2137 884 2209 isto
951 2160 1115 2209 aevo
1183 2138 1434 2234 opinati
1497 2138 1632 2209 sint
1693 2131 2002 2234 aperiat?
2100 2136 2422 2209 Nimirum
2473 2140 2572 2211 ita

344 2237 607 2312 videtur
670 2247 1161 2333 argumentatus
1242 2262 1430 2330 esse,
1505 2262 1909 2310 communem
1982 2238 2355 2355 opinionem
2419 2262 2619 2332 esso,

344 2361 489 2411 eam
542 2339 871 2428 debuisse,
924 2363 1090 2434 quae
1144 2346 1358 2435 aptam
1402 2347 1472 2411 et
1511 2338 1772 2410 facilem
1802 2339 2405 2440 interpretationem
2449 2340 2574 2411 adn

340 2440 662 2530 mitteret,
715 2441 973 2535 qualem
1025 2463 1172 2511 csse
1225 2462 1394 2530 eam,
1447 2462 1614 2534 quae
1666 2440 1755 2512 sit
1806 2440 1889 2511 ab
1928 2437 2228 2511 Hesiodo
2278 2439 2569 2536 prodita.

207 2527 218 2537 ’
337 2539 499 2614 Non
550 2541 803 2632 dicam,
856 2539 1027 2640 qnod
1070 2541 1329 2659 quivis·
1351 2539 1549 2631 videt,
1601 2541 1899 2637 potuisse
1949 2541 2320 2615 recentiore
2372 2564 2567 2632 aevo,

338 2665 514 2739 qnae
563 2640 793 2714 rudior
842 2642 1195 2737 antiquitas
1243 2642 1457 2715 niiuus
1508 2642 1854 2714 credibilia
1901 2642 2287 2732 invenisset,
2346 2643 2568 2739 aptius

335 2743 731 2839 doctiusque
796 2744 1142 2815 exornari:
1224 2743 1390 2814 illud
1457 2765 1805 2839 quaeram,
1879 2752 2331 2839 repugnentne
2397 2767 2567 2839 quae

332 2842 673 2917 Homerus
745 2845 1033 2917 narravit
1101 2844 1239 2916 illis
1309 2868 1477 2940 quae
1543 2843 1848 2941 exposita
1900 2854 2052 2917 suut
2103 2841 2205 2915 ab'
2233 2842 2562 2938 Hesiodo,

333 2969 418 3019 an
474 2946 648 3019 forte
698 2946 895 3018 etiam
944 2946 1180 3017 melius
1230 2970 1378 3019 cum
1428 2945 1513 3016 iis
1563 2946 1932 3036 conciliari,
1985 2968 2179 3041 quam
2228 2945 2376 3042 ipsa
2414 2944 2569 3018 He·

332 3048 514 3121 siodi
566 3047 965 3143 descriptio,
1031 3047 1317 3143 possint.
1415 3045 1583 3118 Nam
1638 3047 1766 3119 boc
1818 3054 2030 3140 tamen
2084 3047 2365 3118 omnium
2416 3049 2563 3143 pri-

329 3174 513 3221 mum
564 3172 711 3222 csse
764 3149 984 3239 debet,
1038 3157 1110 3218 ιιι
1145 3147 1475 3218 videamus
1519 3148 1676 3243 quid
1710 3147 1955 3219 dixerit
1981 3146 2336 3220 Homerus.
2417 3146 2561 3221 Fe-

332 3252 427 3324 cit
494 3250 566 3322 id
630 3250 889 3346 quidem
956 3249 1155 3321 etiam
1202 3246 1581 3334 Heffterus‚
1654 3248 1772 3321 sed
1838 3272 2071 3321 vereor
2132 3272 2215 3320 ue
2277 3271 2407 3321 non
2473 3248 2606 3322 eo7

330 3352 574 3443 modo,
647 3376 775 3447 quo
828 3351 1130 3422 debebat.
1230 3349 1461 3422 Primo
1512 3299 1874 3421 Homerum
1925 3349 2262 3422 contendit
2312 3359 2559 3424 terram

331 3454 534 3526 simul
581 3477 727 3525 cum
780 3454 966 3526 caelo
1012 3451 1251 3524 fecisse
1287 3452 1369 3522 ab
1395 3451 1669 3523 Atlante
1711 3452 1947 3540 teneri,
1997 3459 2350 3575 propterea
2380 3451 2556 3547 quod

329 3554 403 3627 id
457 3554 702 3625 diserte
753 3553 1096 3650 particulis
1147 3552 1540 3650 copulativis
1589 3552 1979 3625 indicaverit
2038 3546 2267 3652 γαῖάν
2314 3580 2392 3625 τε
2425 3550 2561 3627 καὶ
2688 3592 2707 3602 „

329 3652 663 3751 οὐρανὸν
710 3654 961 3727 dicens.
1059 3655 1155 3727 At
1203 3655 1332 3727 boc
1379 3654 1529 3726 istis
1577 3654 1920 3750 particulis
1968 3653 2151 3725 nullo
2202 3654 2396 3727 modo
2446 3655 2553 3727 ef-

327 3758 578 3849 ficitur,
631 3757 749 3828 sed
801 3756 1368 3828 demonstrandum
1421 3764 1564 3827 erat
1614 3779 1703 3827 ex
1753 3755 1992 3847 verbo,
2046 3754 2222 3852 quod
2270 3764 2377 3827 est
2424 3755 2547 3828 ad·-

325 3860 593 3934 iectum.
696 3857 959 3930 Deinde
1009 3863 1438 3948 communem,
1490 3880 1681 3951 quam
1730 3857 1875 3953 ipse
1904 3867 2120 3947 vocat,
2172 3856 2545 3953 opinionem

329 3962 430 4035 sic
479 3961 559 4033 ab
592 3959 887 4032 Homero
939 3968 1246 4031 mutatam
1298 3982 1444 4031 esse
1495 3958 1614 4048 ait,
1666 3967 1740 4030 ut
1789 3983 1923 4030 nou
1971 3958 2052 4029 ab
2092 3958 2241 4054 ipso
2266 3958 2543 4031 Atlante

233 4057 246 4064 ⁴
328 4063 582 4135 caelum
633 4070 1002 4157 terramque
1042 4061 1354 4133 sustineri
1393 4055 1697 4150 voluerit,
1751 4059 1868 4131 sed
1903 4082 1945 4130 a
1977 4058 2356 4155 quibusdam
2383 4059 2540 4131 lon-
2598 4077 2605 4084 ’

327 4163 433 4259 gis
485 4164 829 4253 columnis,
882 4186 1042 4259 quas
1068 4161 1264 4234 Atlas
1313 4162 1498 4233 solus
1550 4161 1915 4233 custodiat:
1968 4161 2175 4233 solum
2218 4161 2390 4232 enim
2417 4183 2539 4231 cu·-

326 4266 574 4337 stodire
628 4263 760 4338 dici
808 4264 912 4336 bis
964 4259 1250 4354 verbis,'
1290 4258 1514 4345 αὐτὸς
1560 4262 1725 4356 ἔχει.
1846 4259 2036 4335 Haec
2099 4283 2355 4360 quoque
2405 4260 2534 4330 mi·-

324 4366 497 4442 uime
548 4390 705 4439 vera
750 4365 1207 4463 interpretatio
1257 4361 1671 4471 est.Na1u
1733 4387 1942 4461 neque
2005 4360 2228 4446 αὐτὸς
2284 4360 2535 4435 nolens·
