3192 4992
617 313 749 385 344
1168 317 1271 379 ΒΕ
1314 317 1690 378 AssscHYLl
1729 313 2307 376 PSYGHOSTASIL

619 506 691 559 σι
698 512 736 568 ς
775 481 1079 611 γίνεται
1146 485 1303 566 τοῖς
1349 481 1672 577 Ἀχαιοῖς
1737 476 1905 577 περὶ
1966 486 2106 554 τοῦ
2159 474 2516 575 Θερσίτου
2577 473 2848 605 φόνου.

618 582 805 679 μετὰ
855 583 939 658 δε
988 590 1227 657 ταῦτα
1261 581 1627 678 Ἀχιλλεὺς
1673 586 1778 666 εἰς
1820 580 2128 679 Λέσβον
2175 584 2375 669 πλεῖ,
2423 577 2554 656 καὶ
2598 576 2851 664 θύσας

605 682 1008 761 Ἀπόλλωνι
1048 683 1176 759 καὶ
1210 682 1582 781 Ἀρτέμιδι
1630 682 1758 757 καὶ
1784 685 2030 780 Λητοῖ
2061 679 2507 777 καθαίρεται
2537 689 2678 755 τοῦ
2705 677 2848 779 φό-

617 815 759 864 νου
809 785 939 861 ὑπ’
995 784 1438 870 Ὀδυσσέως.
1538 784 1888 879 Μέμνων
1937 782 2020 860 δὲ
2073 782 2113 858 ὃ
2169 784 2397 867 Ἠοῦς
2443 781 2608 866 υἱὸς
2655 783 2848 877 ἔχων
2885 861 2892 870 ,

615 883 1246 985 ἡφαιστότευκτον
1313 887 1736 962 πανοπλίαν
1812 885 2301 1015 παραγίνεται
2375 888 2533 967 τοῖς
2602 881 2848 979 Τρωσὶ

617 986 1052 1089 βοηθήσων.
1125 987 1260 1116 καὶ
1295 988 1497 1073 Θέτις
1543 996 1653 1086 τῷ
1704 987 1917 1062 παιδὶ
1967 986 2061 1063 τὰ
2089 986 2281 1060 κατὰ
2307 985 2444 1060 τὸν
2473 984 2848 1078 Μέμνονα

617 1090 986 1219 προλέγει,
1022 1090 1149 1165 καὶ
1183 1092 1611 1186 συιιβουλῆς
1641 1089 2051 1217 γενομένης
2059 1087 2476 1182 Ἀντίλοχος
2501 1086 2650 1162 ὑπὸ
2680 1085 2846 1160 Μέ-

616 1221 895 1288 μνονος
943 1193 1374 1289 ἀναιρεῖται.
1454 1193 1704 1267 ἔπειτα
1737 1189 2101 1286 Ἀχιλλεὺς
2131 1189 2505 1283 Μέμνονα
2546 1186 2845 1263 κτείνει·

616 1294 744 1369 καὶ
805 1290 1048 1390 τούτῳ
1112 1291 1255 1388 μὲν
1301 1292 1499 1377 Ἠὼς
1560 1291 1766 1391 παρὰ
1816 1292 1995 1377 Διὸς
2043 1289 2493 1387 αἰτησαμένη
2545 1290 2848 1364 ἀθανα-

617 1396 794 1472 σίαν
843 1393 1138 1483 δίδωσι,
1188 1391 1666 1493 τρεψάμενος
1699 1391 1774 1470 δ’
1818 1390 2183 1490 Ἀχιλλεὺς
2224 1392 2401 1474 τοὺς
2435 1397 2698 1488 Τρῶας
2722 1388 2852 1465 καὶ

615 1502 719 1580 εἶς
781 1494 921 1593 τὴν
984 1493 1201 1572 πόλιν
1265 1495 1616 1580 εἶςπεσών
1662 1495 1809 1572 ὑπὸ
1861 1492 2203 1589 Πάριδος
2259 1494 2676 1589 ἀναιρεῖται
2722 1520 2852 1566 και

601 1594 1097 1687 Ἀπόλλωνος,
1163 1595 1290 1672 καὶ
1339 1596 1504 1694 περὶ
1565 1605 1705 1672 τοῦ
1753 1625 2148 1692 πτωματος
2193 1594 2591 1697 γενομένης
2638 1598 2853 1688 ἰσχυ-

617 1708 756 1794 ρᾶς
822 1698 1064 1795 μάχης
1124 1703 1317 1784 Αιάς
1385 1696 1825 1792 ἅνελόιιενος
1900 1698 2018 1772 ἐπὶ
2082 1696 2218 1781 τὰς
2290 1704 2480 1780 ναῦς
2540 1694 2852 1790 κομίζει,

602 1800 1030 1884 Ὀδυσσέως
1079 1801 1657 1897 ἂπομαχομένου
1706 1807 1860 1884 τοῖς
1909 1801 2223 1893 Τρωσίν.
2326 1798 2573 1872 ἔπειτα
2607 1794 2854 1871 Ἀντί-

622 1897 844 1996 λοχόν
892 1930 971 1975 τε
1021 1899 1400 1976 θάπτουσι
1448 1902 1577 1977 καὶ
1619 1900 1754 1977 τὸν
1782 1901 2050 1999 νεκρὸν
2090 1908 2226 1975 τοῦ
2262 1897 2645 1995 Ἀχιλλέως
2669 1926 2852 1995 προ-

567 1995 980 2077 4τίθενται.
1081 2031 1208 2077 και
1264 2003 1465 2087 Θέτις
1513 2003 1925 2100 ἀφικομένη
1976 2001 2122 2078 σὺν
2147 1997 2502 2084 Μούσαις
2529 1998 2661 2074 καὶ
2690 2002 2854 2083 ταῖς

618 2102 978 2201 ἀδελφαῖς
1025 2107 1299 2201 θρηνεῖ
1340 2104 1476 2179 τὸν
1525 2104 1783 2179 παῖδα.
1885 2103 2012 2179 καὶ
2068 2103 2256 2198 μετὰ
2303 2108 2568 2177 ταῦτα
2593 2104 2676 2175 ἐόι
2722 2108 2851 2197 τῆς

615 2213 858 2303 πυρᾶς
907 2206 953 2303 ἡ
1011 2208 1214 2290 Θέτις
1262 2206 1360 2281 ἄν
1363 2204 1764 2298 αρπάσασα
1828 2204 1964 2281 τὸν
2025 2202 2262 2281 παῖδα
2313 2208 2417 2288 εἲς
2462 2202 2603 2300 τὴν
2648 2206 2852 2277 Λευ-

614 2304 755 2405 κὴν
817 2315 1050 2405 νῆσον
1099 2307 1531 2404 διακομίζει.
1636 2309 1706 2383 οἱ
1758 2305 1840 2383 δὲ
1891 2306 2173 2403 Ἀχαιοὶ
2221 2304 2357 2381 τὸν
2404 2301 2656 2403 τάφον
2696 2299 2851 2400 χῶ-

617 2433 879 2493 σαντες
927 2409 1189 2539 ἀγῶνα
1240 2411 1562 2499 τιθέασι,
1612 2409 1739 2485 καὶ
1780 2408 1945 2506 περὶ
1987 2418 2145 2483 τῶν
2178 2407 2558 2503 Ἀχιλλέως
2600 2404 2851 2481 οπλων

601 2509 960 2586 Ὀδυσσεῖ
1002 2510 1131 2586 καὶ
1162 2516 1432 2586 Αίαντι
1485 2509 1742 2596 στάσις
1790 2509 2144 2605 ἒιιπίπτει.
2246 2509 2363 2583 Ex
2414 2510 2519 2582 his
2550 2505 2675 2582 Fr.
2705 2509 2849 2582 Th.

615 2611 1029 2686 Welokerns
1080 2615 1148 2686 in
1203 2613 1518 2707 Trilogia
1569 2639 1636 2710 p.
1690 2583 1867 2689 436.
1920 2638 2108 2710 seqq.
2173 2611 2556 2708 trilogiam
2539 2635 2850 2737 compo-

618 2714 777 2802 suit,
831 2715 1018 2785 cuius
1070 2714 1280 2810 prima
1328 2712 1553 2785 fabula
1599 2713 1804 2786 fuerit
1853 2738 1959 2806 ea,
2014 2739 2180 2811 qnae
2232 2714 2409 2787 dicta
2460 2723 2564 2785 est
2605 2707 2847 2796 Τοξό-

615 2810 835 2899 τιδες,
889 2836 1160 2910 eamque
1213 2814 1406 2885 etiam
1458 2813 1927 2887 Penthesileae
1979 2840 2214 2889 nomen
2264 2814 2614 2905 habuisse,
2665 2814 2845 2887 nullo

583 2913 883 3011 quidem
935 2925 1231 3007 auctore,
1299 2914 1628 2988 affirmat.
1694 2915 1848 2989 inde
1900 2918 2211 3009 coniicit,
2281 2942 2409 3014 quo
2462 2915 2657 2989 modo
2709 2924 2851 2988 tra-

620 3016 898 3088 ctaverit
950 3041 1090 3088 eam
1145 3041 1280 3089 rem
1316 3018 1719 3114 Aeschylus&
1769 3018 2053 3116 quidque
2103 3020 2319 3116 egerit
2369 3018 2611 3091 chorus
2643 3016 2849 3089 Ama-

622 3142 898 3209 zonum,
970 3114 1407 3217 πεζοφόροις
1472 3117 1811 3215 ζώμασιν
1874 3129 2182 3213 ornatus,
2256 3144 2533 3218 quorum
2597 3118 2666 3190 in
2730 3119 2850 3190 illa

620 3220 964 3316 tragoedia
1013 3245 1161 3293 esse
1212 3221 1608 3294 mentionem
1657 3222 1896 3296 factam
1949 3231 2233 3296 constat.
2335 3222 2431 3294 At
2471 3222 2704 3293 horum
2743 3220 2851 3292 ni·-

524 3389 533 3395 .
614 3321 718 3392 hil
770 3345 989 3394 verum
1042 3330 1169 3395 est.
1272 3321 1444 3395 Nam
1507 3333 1721 3420 neque
1784 3325 1855 3397 in
1919 3325 2116 3398 rebus
2169 3322 2534 3414 TroianiS,
2606 3321 2725 3394 sed
2778 3322 2850 3393 in

618 3422 880 3495 funesto
933 3423 1118 3495 exitu
1159 3423 1522 3500 Actaeonis
1571 3425 1833 3498 fabulae
1883 3426 2066 3498 illins
2119 3433 2573 3521 argumentum
2622 3446 2850 3495 versa-

622 3534 756 3595 tum
809 3549 956 3597 esse
1010 3526 1387 3598 testimonio
1439 3527 1849 3622 grammatici
1899 3527 1968 3598 in
2017 3527 2318 3599 Bekkeri
2357 3521 2730 3598 Anemlotis
2777 3550 2847 3623 p.

617 3628 793 3701 351.
847 3635 1130 3718 constat,
1185 3651 1308 3699 nee
1367 3622 1743 3713 Τοξότιδες
1789 3629 1957 3703 istae
2009 3637 2199 3701 erant
2245 3629 2665 3718 Amazones,
2732 3625 2846 3698 sed

622 3725 923 3798 videntur
973 3730 1289 3826 nymphae
1340 3728 1546 3801 fuisse
1599 3731 1874 3806 comites
1923 3725 2209 3802 Dianae.
2310 3728 2841 3825 Psychostasiam

621 3834 835 3898 autem
888 3830 1164 3901 mediam
1216 3830 1525 3923 trilogiae
1576 3830 1984 3927 tragoediam
2034 3832 2241 3907 fuisse
2293 3832 2412 3903 illo
2449 3831 2709 3931 quidem
2737 3854 2847 3900 ar·-

620 3937 974 4026 gumento,
1045 3956 1174 4027 qno
1227 3932 1291 4003 ei
1341 3931 1753 4004 Welekerus
1803 3934 2002 4006 istum
2052 3934 2268 4005 locum
2321 3933 2612 4008 tribuere
2663 3915 2850 4002 vide-

507 4025 520 4044 '
627 4043 770 4121 tur,
840 4053 974 4102 non
1024 4033 1336 4109 efficitur.
1436 4032 1605 4105 Nam
1658 4044 1925 4132 ereptae
1985 4030 2365 4118 Τοξότιδες
2422 4035 2618 4106 simul
2665 4032 2851 4104 Pen-

625 4133 969 4206 thesileam
1024 4133 1365 4226 auferunt,
1445 4144 1520 4206 ut
1579 4144 1695 4208 ant
1758 4137 1955 4209 aliam
2021 4138 2209 4209 euius
2275 4157 2513 4209 nomen
2574 4132 2860 4234 perierit

628 4233 1036 4332 tragoediam
1087 4234 1393 4309 sufficere
1444 4235 1724 4329 debeat,
1798 4246 1912 4312 aut
1961 4238 2244 4330 docere,
2312 4260 2479 4335 quae
2545 4261 2633 4312 ex
2679 4236 2845 4326 inis,

612 4359 901 4434 ¹quarum
948 4343 1257 4435 superest
1299 4338 1578 4431 notitia,
1642 4339 1923 4438 primum
1971 4340 2195 4414 locum
2241 4338 2554 4414 tenuerit.
2664 4335 2847 4411 lund
