<?xml version="1.0" encoding="UTF-8"?>
<!DOCTYPE html PUBLIC "-//W3C//DTD XHTML 1.0 Transitional//EN"
    "http://www.w3.org/TR/xhtml1/DTD/xhtml1-transitional.dtd">
<html xmlns="http://www.w3.org/1999/xhtml" xml:lang="en" lang="en">
 <head>
  <title>
</title>
<meta http-equiv="Content-Type" content="text/html;charset=utf-8" />
  <meta name='ocr-system' content='tesseract 3.04.00' />
  <meta name='ocr-capabilities' content='ocr_page ocr_carea ocr_par ocr_line ocrx_word'/>
</head>
<body>
  <div class='ocr_page' id='page_1' title='image "./godofrediherman00fritgoog_0435.png"; bbox 0 0 3192 4992; ppageno 0'>
   <div class='ocr_carea' id='block_1_1' title="bbox 736 324 2586 395">
    <p class='ocr_par' dir='ltr' id='par_1_1' title="bbox 736 324 2586 395">
     <span class='ocr_line' id='line_1_1' title="bbox 736 324 2586 395; baseline 0.002 -4"><span class='ocrx_word' id='word_1_1' title='bbox 736 384 745 391; x_wconf 88' lang='grc'><em>,</em></span> <span class='ocrx_word' id='word_1_2' title='bbox 828 324 1107 393; x_wconf 66' lang='lat' dir='ltr'><strong>mmo</strong></span> <span class='ocrx_word' id='word_1_3' title='bbox 1148 328 1233 389; x_wconf 84' lang='grc' dir='ltr'><strong>ΙΝ</strong></span> <span class='ocrx_word' id='word_1_4' title='bbox 1270 327 1528 390; x_wconf 70' lang='grc' dir='ltr'>8ΔΟΒῙ8</span> <span class='ocrx_word' id='word_1_5' title='bbox 1566 327 2100 392; x_wconf 63' lang='lat' dir='ltr'><strong>summamus·</strong></span> <span class='ocrx_word' id='word_1_6' title='bbox 2451 324 2586 395; x_wconf 53' lang='grc' dir='ltr'>ω</span> 
     </span>
    </p>
   </div>
   <div class='ocr_carea' id='block_1_2' title="bbox 260 492 2718 1406">
    <p class='ocr_par' dir='ltr' id='par_1_2' title="bbox 260 492 2718 1406">
     <span class='ocr_line' id='line_1_2' title="bbox 347 492 2684 596; baseline 0 -26"><span class='ocrx_word' id='word_1_7' title='bbox 347 493 623 570; x_wconf 75' lang='lat' dir='ltr'><strong>miimis‘</strong></span> <span class='ocrx_word' id='word_1_8' title='bbox 646 492 1053 589; x_wconf 73' lang='lat' dir='ltr'><strong>insinuaret,</strong></span> <span class='ocrx_word' id='word_1_9' title='bbox 1121 518 1379 593; x_wconf 77' lang='lat' dir='ltr'><strong>neque,</strong></span> <span class='ocrx_word' id='word_1_10' title='bbox 1424 501 1525 568; x_wconf 68' lang='grc' dir='ltr'><strong>ιιι</strong></span> <span class='ocrx_word' id='word_1_11' title='bbox 1556 492 1898 568; x_wconf 66' lang='lat' dir='ltr'><strong>&#39;diemde</strong></span> <span class='ocrx_word' id='word_1_12' title='bbox 1962 494 2216 568; x_wconf 85' lang='lat' dir='ltr'><strong>tantum</strong></span> <span class='ocrx_word' id='word_1_13' title='bbox 2276 495 2684 596; x_wconf 82' lang='lat' dir='ltr'><strong>accepta,10</strong></span> 
     </span>
     <span class='ocr_line' id='line_1_3' title="bbox 348 596 2596 695; baseline 0 -25"><span class='ocrx_word' id='word_1_14' title='bbox 348 598 697 695; x_wconf 72' lang='lat' dir='ltr'><strong>langueret</strong></span> <span class='ocrx_word' id='word_1_15' title='bbox 745 607 816 670; x_wconf 86' lang='lat' dir='ltr'><strong>ct</strong></span> <span class='ocrx_word' id='word_1_16' title='bbox 858 596 1168 693; x_wconf 75' lang='lat' dir='ltr'><strong>frigeret,</strong></span> <span class='ocrx_word' id='word_1_17' title='bbox 1221 597 1337 669; x_wconf 88' lang='lat' dir='ltr'><strong>sed</strong></span> <span class='ocrx_word' id='word_1_18' title='bbox 1389 596 1584 669; x_wconf 80' lang='lat' dir='ltr'><strong>fortis</strong></span> <span class='ocrx_word' id='word_1_19' title='bbox 1633 604 1706 669; x_wconf 88' lang='lat' dir='ltr'><strong>et</strong></span> <span class='ocrx_word' id='word_1_20' title='bbox 1753 596 2026 669; x_wconf 85' lang='lat' dir='ltr'><strong>robusta</strong></span> <span class='ocrx_word' id='word_1_21' title='bbox 2062 621 2208 670; x_wconf 89' lang='lat' dir='ltr'><strong>cum</strong></span> <span class='ocrx_word' id='word_1_22' title='bbox 2247 598 2397 694; x_wconf 79' lang='lat' dir='ltr'><strong>ipsa</strong></span> <span class='ocrx_word' id='word_1_23' title='bbox 2436 600 2596 671; x_wconf 86' lang='lat' dir='ltr'><strong>ani-·</strong></span> 
     </span>
     <span class='ocr_line' id='line_1_4' title="bbox 350 698 2588 797; baseline 0 -24"><span class='ocrx_word' id='word_1_24' title='bbox 350 724 602 780; x_wconf 83' lang='lat' dir='ltr'><strong>merum</strong></span> <span class='ocrx_word' id='word_1_25' title='bbox 667 698 828 772; x_wconf 85' lang='lat' dir='ltr'><strong>forti</strong></span> <span class='ocrx_word' id='word_1_26' title='bbox 892 707 962 771; x_wconf 90' lang='lat' dir='ltr'><strong>et</strong></span> <span class='ocrx_word' id='word_1_27' title='bbox 1024 700 1299 788; x_wconf 84' lang='lat' dir='ltr'><strong>robusta</strong></span> <span class='ocrx_word' id='word_1_28' title='bbox 1361 707 1596 770; x_wconf 86' lang='lat' dir='ltr'><strong>natura</strong></span> <span class='ocrx_word' id='word_1_29' title='bbox 1663 698 2110 790; x_wconf 78' lang='lat' dir='ltr'><strong>coalesceret,</strong></span> <span class='ocrx_word' id='word_1_30' title='bbox 2177 721 2324 775; x_wconf 88' lang='lat' dir='ltr'><strong>cum</strong></span> <span class='ocrx_word' id='word_1_31' title='bbox 2376 723 2588 797; x_wconf 78' lang='lat' dir='ltr'><strong>eaque</strong></span> 
     </span>
     <span class='ocr_line' id='line_1_5' title="bbox 353 798 2594 898; baseline 0 -25"><span class='ocrx_word' id='word_1_32' title='bbox 353 802 607 873; x_wconf 71' lang='lat' dir='ltr'><strong>viveret</strong></span> <span class='ocrx_word' id='word_1_33' title='bbox 655 809 725 873; x_wconf 88' lang='lat' dir='ltr'><strong>et</strong></span> <span class='ocrx_word' id='word_1_34' title='bbox 772 800 1056 893; x_wconf 75' lang='lat' dir='ltr'><strong>vigeret.</strong></span> <span class='ocrx_word' id='word_1_35' title='bbox 1157 799 1576 873; x_wconf 83' lang='lat' dir='ltr'><strong>Documento</strong></span> <span class='ocrx_word' id='word_1_36' title='bbox 1629 807 1736 872; x_wconf 90' lang='lat' dir='ltr'><strong>est</strong></span> <span class='ocrx_word' id='word_1_37' title='bbox 1782 798 2240 872; x_wconf 84' lang='lat' dir='ltr'><strong>Helvetiorum</strong></span> <span class='ocrx_word' id='word_1_38' title='bbox 2287 824 2415 897; x_wconf 89' lang='lat' dir='ltr'><strong>per</strong></span> <span class='ocrx_word' id='word_1_39' title='bbox 2463 824 2594 898; x_wconf 82' lang='lat' dir='ltr'><strong>pa-</strong></span> 
     </span>
     <span class='ocr_line' id='line_1_6' title="bbox 353 900 2588 998; baseline 0 -22"><span class='ocrx_word' id='word_1_40' title='bbox 353 903 518 976; x_wconf 82' lang='lat' dir='ltr'><strong>trias</strong></span> <span class='ocrx_word' id='word_1_41' title='bbox 568 925 680 974; x_wconf 88' lang='lat' dir='ltr'><strong>res</strong></span> <span class='ocrx_word' id='word_1_42' title='bbox 728 900 1001 973; x_wconf 82' lang='lat' dir='ltr'><strong>fundata</strong></span> <span class='ocrx_word' id='word_1_43' title='bbox 1050 901 1308 997; x_wconf 84' lang='lat' dir='ltr'><strong>pietas,</strong></span> <span class='ocrx_word' id='word_1_44' title='bbox 1380 901 1776 998; x_wconf 74' lang='lat' dir='ltr'><strong>expertique</strong></span> <span class='ocrx_word' id='word_1_45' title='bbox 1837 925 2060 973; x_wconf 86' lang='lat' dir='ltr'><strong>sumus</strong></span> <span class='ocrx_word' id='word_1_46' title='bbox 2125 902 2256 998; x_wconf 85' lang='lat' dir='ltr'><strong>ipsi</strong></span> <span class='ocrx_word' id='word_1_47' title='bbox 2309 927 2438 975; x_wconf 91' lang='lat' dir='ltr'><strong>non</strong></span> <span class='ocrx_word' id='word_1_48' title='bbox 2488 903 2588 976; x_wconf 90' lang='lat' dir='ltr'><strong>ita</strong></span> 
     </span>
     <span class='ocr_line' id='line_1_7' title="bbox 353 1001 2589 1101; baseline 0 -25"><span class='ocrx_word' id='word_1_49' title='bbox 353 1003 650 1101; x_wconf 85' lang='lat' dir='ltr'><strong>pridem,</strong></span> <span class='ocrx_word' id='word_1_50' title='bbox 730 1025 930 1099; x_wconf 90' lang='lat' dir='ltr'><strong>quum</strong></span> <span class='ocrx_word' id='word_1_51' title='bbox 1002 1001 1353 1077; x_wconf 73' lang='lat' dir='ltr'><strong>Gallorum</strong></span> <span class='ocrx_word' id='word_1_52' title='bbox 1435 1002 1709 1097; x_wconf 79' lang='lat' dir='ltr'><strong>indigno</strong></span> <span class='ocrx_word' id='word_1_53' title='bbox 1791 1003 2063 1075; x_wconf 89' lang='lat' dir='ltr'><strong>servitio</strong></span> <span class='ocrx_word' id='word_1_54' title='bbox 2132 1004 2413 1076; x_wconf 88' lang='lat' dir='ltr'><strong>liberata</strong></span> <span class='ocrx_word' id='word_1_55' title='bbox 2483 1012 2589 1077; x_wconf 88' lang='lat' dir='ltr'><strong>est</strong></span> 
     </span>
     <span class='ocr_line' id='line_1_8' title="bbox 260 1102 2590 1203; baseline -0.001 -24"><span class='ocrx_word' id='word_1_56' title='bbox 260 1142 264 1147; x_wconf 55' lang='grc'><strong>’</strong></span> <span class='ocrx_word' id='word_1_57' title='bbox 356 1103 744 1179; x_wconf 76' lang='lat' dir='ltr'><strong>Germania.</strong></span> <span class='ocrx_word' id='word_1_58' title='bbox 844 1102 999 1176; x_wconf 85' lang='lat' dir='ltr'><strong>Non</strong></span> <span class='ocrx_word' id='word_1_59' title='bbox 1063 1129 1213 1177; x_wconf 78' lang='lat' dir='ltr'><strong>esse</strong></span> <span class='ocrx_word' id='word_1_60' title='bbox 1261 1105 1392 1176; x_wconf 85' lang='lat' dir='ltr'><strong>iam</strong></span> <span class='ocrx_word' id='word_1_61' title='bbox 1448 1103 1826 1179; x_wconf 85' lang='lat' dir='ltr'><strong>videbamur</strong></span> <span class='ocrx_word' id='word_1_62' title='bbox 1873 1102 2233 1197; x_wconf 84' lang='lat' dir='ltr'><strong>Germani,</strong></span> <span class='ocrx_word' id='word_1_63' title='bbox 2286 1130 2414 1178; x_wconf 91' lang='lat' dir='ltr'><strong>nec</strong></span> <span class='ocrx_word' id='word_1_64' title='bbox 2460 1128 2590 1203; x_wconf 87' lang='lat' dir='ltr'><strong>pa-</strong></span> 
     </span>
     <span class='ocr_line' id='line_1_9' title="bbox 354 1205 2718 1304; baseline -0 -24"><span class='ocrx_word' id='word_1_65' title='bbox 354 1206 553 1280; x_wconf 82' lang='lat' dir='ltr'><strong>triam</strong></span> <span class='ocrx_word' id='word_1_66' title='bbox 602 1205 872 1299; x_wconf 83' lang='lat' dir='ltr'><strong>babere,</strong></span> <span class='ocrx_word' id='word_1_67' title='bbox 925 1215 1038 1280; x_wconf 89' lang='lat' dir='ltr'><strong>aut</strong></span> <span class='ocrx_word' id='word_1_68' title='bbox 1090 1206 1438 1303; x_wconf 77' lang='lat' dir='ltr'><strong>quidquam</strong></span> <span class='ocrx_word' id='word_1_69' title='bbox 1483 1213 1777 1278; x_wconf 88' lang='lat' dir='ltr'><strong>sanctum</strong></span> <span class='ocrx_word' id='word_1_70' title='bbox 1796 1215 2071 1303; x_wconf 80' lang='lat' dir='ltr'><strong>putare,</strong></span> <span class='ocrx_word' id='word_1_71' title='bbox 2127 1228 2346 1304; x_wconf 88' lang='lat' dir='ltr'><strong>quum,</strong></span> <span class='ocrx_word' id='word_1_72' title='bbox 2401 1209 2606 1280; x_wconf 78' lang='lat' dir='ltr'><strong>cuius‘</strong></span> <span class='ocrx_word' id='word_1_73' title='bbox 2711 1256 2718 1263; x_wconf 80' lang='lat'><em>-</em></span> 
     </span>
     <span class='ocr_line' id='line_1_10' title="bbox 357 1306 2596 1406; baseline 0 -26"><span class='ocrx_word' id='word_1_74' title='bbox 357 1309 475 1380; x_wconf 83' lang='lat' dir='ltr'><strong>vix</strong></span> <span class='ocrx_word' id='word_1_75' title='bbox 524 1307 816 1380; x_wconf 83' lang='lat' dir='ltr'><strong>scintilla</strong></span> <span class='ocrx_word' id='word_1_76' title='bbox 874 1308 947 1379; x_wconf 88' lang='lat' dir='ltr'><strong>in</strong></span> <span class='ocrx_word' id='word_1_77' title='bbox 1013 1308 1248 1380; x_wconf 82' lang='lat' dir='ltr'><strong>animis</strong></span> <span class='ocrx_word' id='word_1_78' title='bbox 1311 1307 1551 1379; x_wconf 89' lang='lat' dir='ltr'><strong>relicta</strong></span> <span class='ocrx_word' id='word_1_79' title='bbox 1569 1314 1581 1339; x_wconf 80' lang='lat'><strong>·</strong></span> <span class='ocrx_word' id='word_1_80' title='bbox 1599 1306 2029 1399; x_wconf 82' lang='lat' dir='ltr'><strong>credebatur,</strong></span> <span class='ocrx_word' id='word_1_81' title='bbox 2093 1309 2351 1406; x_wconf 82' lang='lat' dir='ltr'><strong>patriae</strong></span> <span class='ocrx_word' id='word_1_82' title='bbox 2403 1332 2596 1381; x_wconf 86' lang='lat' dir='ltr'><strong>amor</strong></span> 
     </span>
    </p>
   </div>
   <div class='ocr_carea' id='block_1_3' title="bbox 236 1407 2594 1506">
    <p class='ocr_par' dir='ltr' id='par_1_3' title="bbox 236 1407 2594 1506">
     <span class='ocr_line' id='line_1_11' title="bbox 236 1407 2594 1506; baseline 0.001 -25"><span class='ocrx_word' id='word_1_83' title='bbox 236 1420 259 1431; x_wconf 88' lang='lat'><em>&#39;</em></span> <span class='ocrx_word' id='word_1_84' title='bbox 357 1410 428 1482; x_wconf 88' lang='lat' dir='ltr'><strong>in</strong></span> <span class='ocrx_word' id='word_1_85' title='bbox 478 1417 725 1482; x_wconf 67' lang='grc' dir='ltr'>ιωιιιιιι</span> <span class='ocrx_word' id='word_1_86' title='bbox 776 1409 1098 1483; x_wconf 78' lang='lat' dir='ltr'><strong>flammam</strong></span> <span class='ocrx_word' id='word_1_87' title='bbox 1149 1409 1407 1506; x_wconf 80' lang='lat' dir='ltr'><strong>erupit,</strong></span> <span class='ocrx_word' id='word_1_88' title='bbox 1461 1417 1534 1480; x_wconf 81' lang='grc' dir='ltr'><strong>ιιι</strong></span> <span class='ocrx_word' id='word_1_89' title='bbox 1580 1408 1951 1480; x_wconf 61' lang='grc' dir='ltr'>ιιιιιθηιιιιι</span> <span class='ocrx_word' id='word_1_90' title='bbox 2004 1407 2426 1483; x_wconf 79' lang='lat' dir='ltr'><strong>Germaniam</strong></span> <span class='ocrx_word' id='word_1_91' title='bbox 2479 1432 2594 1483; x_wconf 86' lang='lat' dir='ltr'><strong>ar·-</strong></span> 
     </span>
    </p>
   </div>
   <div class='ocr_carea' id='block_1_4' title="bbox 255 1510 2708 4489">
    <p class='ocr_par' dir='ltr' id='par_1_4' title="bbox 255 1510 2708 4450">
     <span class='ocr_line' id='line_1_12' title="bbox 361 1510 2590 1631; baseline 0 -49"><span class='ocrx_word' id='word_1_92' title='bbox 361 1510 520 1582; x_wconf 84' lang='lat' dir='ltr'><strong>dere</strong></span> <span class='ocrx_word' id='word_1_93' title='bbox 582 1518 656 1583; x_wconf 87' lang='lat' dir='ltr'><strong>et</strong></span> <span class='ocrx_word' id='word_1_94' title='bbox 714 1511 904 1631; x_wconf 77' lang='lat' dir='ltr'><strong>quasi</strong></span> <span class='ocrx_word' id='word_1_95' title='bbox 958 1510 1179 1583; x_wconf 87' lang='lat' dir='ltr'><strong>divino</strong></span> <span class='ocrx_word' id='word_1_96' title='bbox 1231 1511 1456 1582; x_wconf 84' lang='lat' dir='ltr'><strong>afflatu</strong></span> <span class='ocrx_word' id='word_1_97' title='bbox 1522 1510 1590 1581; x_wconf 91' lang='lat' dir='ltr'><strong>in</strong></span> <span class='ocrx_word' id='word_1_98' title='bbox 1644 1510 1893 1582; x_wconf 85' lang='lat' dir='ltr'><strong>tamdiu</strong></span> <span class='ocrx_word' id='word_1_99' title='bbox 1941 1511 2250 1584; x_wconf 86' lang='lat' dir='ltr'><strong>victrices</strong></span> <span class='ocrx_word' id='word_1_100' title='bbox 2301 1512 2590 1591; x_wconf 87' lang='lat' dir='ltr'><strong>hostium</strong></span> 
     </span>
     <span class='ocr_line' id='line_1_13' title="bbox 294 1612 2593 1709; baseline 0 -25"><span class='ocrx_word' id='word_1_101' title='bbox 294 1665 298 1670; x_wconf 87' lang='lat'><em>-</em></span> <span class='ocrx_word' id='word_1_102' title='bbox 361 1612 665 1709; x_wconf 75' lang='lat' dir='ltr'><strong>legiones</strong></span> <span class='ocrx_word' id='word_1_103' title='bbox 726 1613 982 1685; x_wconf 87' lang='lat' dir='ltr'><strong>irruere</strong></span> <span class='ocrx_word' id='word_1_104' title='bbox 1047 1613 1356 1708; x_wconf 78' lang='lat' dir='ltr'><strong>fusasque</strong></span> <span class='ocrx_word' id='word_1_105' title='bbox 1433 1618 1857 1709; x_wconf 77' lang='lat' dir='ltr'><strong>prosternere</strong></span> <span class='ocrx_word' id='word_1_106' title='bbox 1924 1630 2366 1695; x_wconf 84' lang='lat' dir='ltr'><strong>cerneremus.</strong></span> <span class='ocrx_word' id='word_1_107' title='bbox 2481 1612 2593 1685; x_wconf 93' lang='lat' dir='ltr'><strong>Ibi</strong></span> 
     </span>
     <span class='ocr_line' id='line_1_14' title="bbox 262 1704 2594 1813; baseline -0 -26"><span class='ocrx_word' id='word_1_108' title='bbox 262 1778 271 1787; x_wconf 91' lang='lat'><strong>.</strong></span> <span class='ocrx_word' id='word_1_109' title='bbox 365 1723 606 1810; x_wconf 88' lang='lat' dir='ltr'><strong>quauta</strong></span> <span class='ocrx_word' id='word_1_110' title='bbox 656 1715 757 1787; x_wconf 84' lang='lat' dir='ltr'><strong>vis</strong></span> <span class='ocrx_word' id='word_1_111' title='bbox 808 1723 987 1789; x_wconf 81' lang='lat' dir='ltr'><strong>esset</strong></span> <span class='ocrx_word' id='word_1_112' title='bbox 1049 1716 1117 1787; x_wconf 92' lang='lat' dir='ltr'><strong>in</strong></span> <span class='ocrx_word' id='word_1_113' title='bbox 1169 1714 1424 1811; x_wconf 80' lang='lat' dir='ltr'><strong>patriae</strong></span> <span class='ocrx_word' id='word_1_114' title='bbox 1475 1712 1973 1806; x_wconf 77' lang='lat' dir='ltr'><strong>recordatione,</strong></span> <span class='ocrx_word' id='word_1_115' title='bbox 2044 1717 2352 1813; x_wconf 73' lang='lat' dir='ltr'><strong>apparuit</strong></span> <span class='ocrx_word' id='word_1_116' title='bbox 2400 1704 2594 1788; x_wconf 82' lang='lat' dir='ltr'><strong>lucu-</strong></span> 
     </span>
     <span class='ocr_line' id='line_1_15' title="bbox 280 1815 2598 1914; baseline 0 -26"><span class='ocrx_word' id='word_1_117' title='bbox 280 1830 286 1836; x_wconf 57' lang='lat'><em>⁴</em></span> <span class='ocrx_word' id='word_1_118' title='bbox 362 1815 766 1889; x_wconf 84' lang='lat' dir='ltr'><strong>lentissime·</strong></span> <span class='ocrx_word' id='word_1_119' title='bbox 833 1815 1020 1891; x_wconf 85' lang='lat' dir='ltr'><strong>cuius</strong></span> <span class='ocrx_word' id='word_1_120' title='bbox 1088 1840 1326 1913; x_wconf 88' lang='lat' dir='ltr'><strong>quum</strong></span> <span class='ocrx_word' id='word_1_121' title='bbox 1344 1822 1644 1886; x_wconf 85' lang='lat' dir='ltr'><strong>sanctum</strong></span> <span class='ocrx_word' id='word_1_122' title='bbox 1707 1839 1943 1887; x_wconf 86' lang='lat' dir='ltr'><strong>nomen</strong></span> <span class='ocrx_word' id='word_1_123' title='bbox 1994 1826 2269 1913; x_wconf 81' lang='lat' dir='ltr'><strong>pectora</strong></span> <span class='ocrx_word' id='word_1_124' title='bbox 2316 1827 2598 1914; x_wconf 74' lang='lat' dir='ltr'><strong>percus·</strong></span> 
     </span>
     <span class='ocr_line' id='line_1_16' title="bbox 255 1916 2592 2015; baseline 0 -25"><span class='ocrx_word' id='word_1_125' title='bbox 255 1923 262 1928; x_wconf 81' lang='grc'><em>“</em></span> <span class='ocrx_word' id='word_1_126' title='bbox 367 1917 592 2008; x_wconf 83' lang='lat' dir='ltr'><strong>sisset,</strong></span> <span class='ocrx_word' id='word_1_127' title='bbox 645 1927 918 2015; x_wconf 87' lang='lat' dir='ltr'><strong>repente</strong></span> <span class='ocrx_word' id='word_1_128' title='bbox 971 1918 1084 1988; x_wconf 89' lang='lat' dir='ltr'><strong>alii</strong></span> <span class='ocrx_word' id='word_1_129' title='bbox 1136 1918 1295 1989; x_wconf 88' lang='lat' dir='ltr'><strong>facti</strong></span> <span class='ocrx_word' id='word_1_130' title='bbox 1347 1926 1502 1988; x_wconf 85' lang='lat' dir='ltr'><strong>sunt</strong></span> <span class='ocrx_word' id='word_1_131' title='bbox 1552 1916 1751 1987; x_wconf 84' lang='lat' dir='ltr'><strong>auimi</strong></span> <span class='ocrx_word' id='word_1_132' title='bbox 1803 1940 1996 2013; x_wconf 86' lang='lat' dir='ltr'><strong>quam</strong></span> <span class='ocrx_word' id='word_1_133' title='bbox 2046 1916 2239 1990; x_wconf 63' lang='lat' dir='ltr'><strong>medo</strong></span> <span class='ocrx_word' id='word_1_134' title='bbox 2293 1919 2592 2009; x_wconf 86' lang='lat' dir='ltr'><strong>fuerant;</strong></span> 
     </span>
     <span class='ocr_line' id='line_1_17' title="bbox 368 2019 2600 2136; baseline 0.001 -46"><span class='ocrx_word' id='word_1_135' title='bbox 368 2019 585 2090; x_wconf 83' lang='lat' dir='ltr'><strong>eiecta</strong></span> <span class='ocrx_word' id='word_1_136' title='bbox 631 2028 734 2090; x_wconf 87' lang='lat' dir='ltr'><strong>est</strong></span> <span class='ocrx_word' id='word_1_137' title='bbox 777 2019 1012 2091; x_wconf 88' lang='lat' dir='ltr'><strong>levitas</strong></span> <span class='ocrx_word' id='word_1_138' title='bbox 1055 2019 1268 2091; x_wconf 83' lang='lat' dir='ltr'><strong>omnis</strong></span> <span class='ocrx_word' id='word_1_139' title='bbox 1301 2026 1498 2136; x_wconf 82' lang='lat' dir='ltr'><strong>atque</strong></span> <span class='ocrx_word' id='word_1_140' title='bbox 1532 2019 1890 2113; x_wconf 82' lang='lat' dir='ltr'><strong>segnities3</strong></span> <span class='ocrx_word' id='word_1_141' title='bbox 1944 2019 2141 2091; x_wconf 89' lang='lat' dir='ltr'><strong>rediit</strong></span> <span class='ocrx_word' id='word_1_142' title='bbox 2180 2044 2345 2116; x_wconf 90' lang='lat' dir='ltr'><strong>quae</strong></span> <span class='ocrx_word' id='word_1_143' title='bbox 2375 2045 2600 2092; x_wconf 72' lang='lat' dir='ltr'><strong>emor·-</strong></span> 
     </span>
     <span class='ocr_line' id='line_1_18' title="bbox 365 2077 2657 2217; baseline 0.003 -26"><span class='ocrx_word' id='word_1_144' title='bbox 365 2128 480 2191; x_wconf 82' lang='lat' dir='ltr'><strong>tua</strong></span> <span class='ocrx_word' id='word_1_145' title='bbox 534 2114 871 2205; x_wconf 80' lang='lat' dir='ltr'><strong>videbatur</strong></span> <span class='ocrx_word' id='word_1_146' title='bbox 919 2120 1173 2217; x_wconf 82' lang='lat' dir='ltr'><strong>pietas3</strong></span> <span class='ocrx_word' id='word_1_147' title='bbox 1238 2119 1620 2191; x_wconf 87' lang='lat' dir='ltr'><strong>restitutus</strong></span> <span class='ocrx_word' id='word_1_148' title='bbox 1608 2077 1742 2191; x_wconf 65' lang='lat' dir='ltr'><strong>²3est</strong></span> <span class='ocrx_word' id='word_1_149' title='bbox 1789 2120 2104 2215; x_wconf 80' lang='lat' dir='ltr'><strong>religioni</strong></span> <span class='ocrx_word' id='word_1_150' title='bbox 2155 2145 2312 2193; x_wconf 89' lang='lat' dir='ltr'><strong>suus</strong></span> <span class='ocrx_word' id='word_1_151' title='bbox 2356 2117 2594 2212; x_wconf 85' lang='lat' dir='ltr'><strong>honos,</strong></span> <span class='ocrx_word' id='word_1_152' title='bbox 2653 2193 2657 2197; x_wconf 76' lang='grc'><strong>.</strong></span> 
     </span>
     <span class='ocr_line' id='line_1_19' title="bbox 364 2219 2599 2310; baseline 0 -18"><span class='ocrx_word' id='word_1_153' title='bbox 364 2243 492 2292; x_wconf 80' lang='lat' dir='ltr'><strong>nec</strong></span> <span class='ocrx_word' id='word_1_154' title='bbox 540 2220 669 2292; x_wconf 89' lang='lat' dir='ltr'><strong>iam</strong></span> <span class='ocrx_word' id='word_1_155' title='bbox 721 2245 954 2295; x_wconf 84' lang='lat' dir='ltr'><strong>vocum</strong></span> <span class='ocrx_word' id='word_1_156' title='bbox 1005 2221 1187 2293; x_wconf 87' lang='lat' dir='ltr'><strong>inani</strong></span> <span class='ocrx_word' id='word_1_157' title='bbox 1237 2244 1444 2310; x_wconf 86' lang='lat' dir='ltr'><strong>sono,</strong></span> <span class='ocrx_word' id='word_1_158' title='bbox 1517 2219 1635 2292; x_wconf 89' lang='lat' dir='ltr'><strong>sed</strong></span> <span class='ocrx_word' id='word_1_159' title='bbox 1702 2243 1785 2292; x_wconf 81' lang='lat' dir='ltr'><strong>ex</strong></span> <span class='ocrx_word' id='word_1_160' title='bbox 1853 2222 2067 2292; x_wconf 89' lang='lat' dir='ltr'><strong>auimo</strong></span> <span class='ocrx_word' id='word_1_161' title='bbox 2121 2222 2599 2294; x_wconf 82' lang='lat' dir='ltr'><strong>venerabantur</strong></span> 
     </span>
     <span class='ocr_line' id='line_1_20' title="bbox 368 2320 2596 2417; baseline 0.001 -24"><span class='ocrx_word' id='word_1_162' title='bbox 368 2329 605 2417; x_wconf 79' lang='lat' dir='ltr'><strong>atque</strong></span> <span class='ocrx_word' id='word_1_163' title='bbox 630 2320 992 2393; x_wconf 82' lang='lat' dir='ltr'><strong>adorabant</strong></span> <span class='ocrx_word' id='word_1_164' title='bbox 1057 2320 1274 2394; x_wconf 87' lang='lat' dir='ltr'><strong>deum.</strong></span> <span class='ocrx_word' id='word_1_165' title='bbox 1393 2320 1575 2393; x_wconf 79' lang='lat' dir='ltr'><strong>Nou·</strong></span> <span class='ocrx_word' id='word_1_166' title='bbox 1607 2330 1718 2394; x_wconf 88' lang='lat' dir='ltr'><strong>est</strong></span> <span class='ocrx_word' id='word_1_167' title='bbox 1791 2320 1862 2393; x_wconf 86' lang='lat' dir='ltr'><strong>id</strong></span> <span class='ocrx_word' id='word_1_168' title='bbox 1926 2322 2377 2413; x_wconf 88' lang='lat' dir='ltr'><strong>institutione,</strong></span> <span class='ocrx_word' id='word_1_169' title='bbox 2463 2347 2596 2395; x_wconf 88' lang='lat' dir='ltr'><strong>non</strong></span> 
     </span>
     <span class='ocr_line' id='line_1_21' title="bbox 368 2420 2646 2520; baseline 0.001 -27"><span class='ocrx_word' id='word_1_170' title='bbox 368 2423 787 2519; x_wconf 81' lang='lat' dir='ltr'><strong>praeceptis,</strong></span> <span class='ocrx_word' id='word_1_171' title='bbox 853 2448 986 2496; x_wconf 91' lang='lat' dir='ltr'><strong>nou</strong></span> <span class='ocrx_word' id='word_1_172' title='bbox 1039 2422 1590 2495; x_wconf 83' lang='lat' dir='ltr'><strong>admonitionibus</strong></span> <span class='ocrx_word' id='word_1_173' title='bbox 1642 2423 1986 2513; x_wconf 81' lang='lat' dir='ltr'><strong>effectum,</strong></span> <span class='ocrx_word' id='word_1_174' title='bbox 2058 2424 2174 2495; x_wconf 88' lang='lat' dir='ltr'><strong>sed</strong></span> <span class='ocrx_word' id='word_1_175' title='bbox 2227 2448 2348 2514; x_wconf 89' lang='lat' dir='ltr'><strong>eo,</strong></span> <span class='ocrx_word' id='word_1_176' title='bbox 2421 2422 2598 2520; x_wconf 88' lang='lat' dir='ltr'><strong>quod</strong></span> <span class='ocrx_word' id='word_1_177' title='bbox 2637 2420 2646 2435; x_wconf 78' lang='lat'><em>&#39;</em></span> 
     </span>
     <span class='ocr_line' id='line_1_22' title="bbox 373 2524 2595 2622; baseline 0 -26"><span class='ocrx_word' id='word_1_178' title='bbox 373 2548 520 2596; x_wconf 85' lang='lat' dir='ltr'><strong>eum</strong></span> <span class='ocrx_word' id='word_1_179' title='bbox 570 2524 824 2622; x_wconf 87' lang='lat' dir='ltr'><strong>patriae</strong></span> <span class='ocrx_word' id='word_1_180' title='bbox 877 2524 1057 2621; x_wconf 84' lang='lat' dir='ltr'><strong>turpi</strong></span> <span class='ocrx_word' id='word_1_181' title='bbox 1107 2524 1377 2596; x_wconf 85' lang='lat' dir='ltr'><strong>servitio</strong></span> <span class='ocrx_word' id='word_1_182' title='bbox 1442 2547 1625 2596; x_wconf 86' lang='lat' dir='ltr'><strong>suam</strong></span> <span class='ocrx_word' id='word_1_183' title='bbox 1693 2526 2138 2620; x_wconf 85' lang='lat' dir='ltr'><strong>unusquisque</strong></span> <span class='ocrx_word' id='word_1_184' title='bbox 2187 2526 2595 2616; x_wconf 85' lang='lat' dir='ltr'><strong>servitutem,</strong></span> 
     </span>
     <span class='ocr_line' id='line_1_23' title="bbox 374 2625 2681 2732; baseline 0 -35"><span class='ocrx_word' id='word_1_185' title='bbox 374 2648 522 2698; x_wconf 89' lang='lat' dir='ltr'><strong>eum</strong></span> <span class='ocrx_word' id='word_1_186' title='bbox 585 2626 840 2732; x_wconf 79' lang='lat' dir='ltr'><strong>patriae</strong></span> <span class='ocrx_word' id='word_1_187' title='bbox 904 2626 1265 2722; x_wconf 76' lang='lat' dir='ltr'><strong>ignominia</strong></span> <span class='ocrx_word' id='word_1_188' title='bbox 1330 2649 1511 2697; x_wconf 88' lang='lat' dir='ltr'><strong>suam</strong></span> <span class='ocrx_word' id='word_1_189' title='bbox 1577 2625 1914 2704; x_wconf 81' lang='lat' dir='ltr'><strong>infamiam</strong></span> <span class='ocrx_word' id='word_1_190' title='bbox 1976 2627 2388 2699; x_wconf 87' lang='lat' dir='ltr'><strong>coniunctam</strong></span> <span class='ocrx_word' id='word_1_191' title='bbox 2454 2649 2604 2698; x_wconf 83' lang='lat' dir='ltr'><strong>esse</strong></span> <span class='ocrx_word' id='word_1_192' title='bbox 2675 2688 2681 2707; x_wconf 78' lang='grc'>,</span> 
     </span>
     <span class='ocr_line' id='line_1_24' title="bbox 372 2724 2610 2823; baseline 0.001 -25"><span class='ocrx_word' id='word_1_193' title='bbox 372 2724 780 2823; x_wconf 75' lang='lat' dir='ltr'><strong>intelligens,</strong></span> <span class='ocrx_word' id='word_1_194' title='bbox 833 2729 942 2798; x_wconf 88' lang='lat' dir='ltr'><strong>ubi</strong></span> <span class='ocrx_word' id='word_1_195' title='bbox 978 2729 1183 2799; x_wconf 90' lang='lat' dir='ltr'><strong>semel</strong></span> <span class='ocrx_word' id='word_1_196' title='bbox 1216 2724 1621 2799; x_wconf 80' lang='lat' dir='ltr'><strong>Germanum</strong></span> <span class='ocrx_word' id='word_1_197' title='bbox 1666 2750 1739 2799; x_wconf 89' lang='lat' dir='ltr'><strong>se</strong></span> <span class='ocrx_word' id='word_1_198' title='bbox 1783 2751 1929 2799; x_wconf 83' lang='lat' dir='ltr'><strong>esse</strong></span> <span class='ocrx_word' id='word_1_199' title='bbox 1963 2729 2372 2820; x_wconf 82' lang='lat' dir='ltr'><strong>meminerat,</strong></span> <span class='ocrx_word' id='word_1_200' title='bbox 2390 2752 2610 2812; x_wconf 86' lang='lat' dir='ltr'><strong>mor·-</strong></span> 
     </span>
     <span class='ocr_line' id='line_1_25' title="bbox 377 2829 2616 2926; baseline 0 -25"><span class='ocrx_word' id='word_1_201' title='bbox 377 2838 641 2925; x_wconf 79' lang='lat' dir='ltr'><strong>temque</strong></span> <span class='ocrx_word' id='word_1_202' title='bbox 692 2854 815 2926; x_wconf 89' lang='lat' dir='ltr'><strong>pro</strong></span> <span class='ocrx_word' id='word_1_203' title='bbox 864 2829 1083 2926; x_wconf 87' lang='lat' dir='ltr'><strong>patria</strong></span> <span class='ocrx_word' id='word_1_204' title='bbox 1132 2829 1379 2921; x_wconf 88' lang='lat' dir='ltr'><strong>subire,</strong></span> <span class='ocrx_word' id='word_1_205' title='bbox 1434 2852 1625 2925; x_wconf 87' lang='lat' dir='ltr'><strong>quam</strong></span> <span class='ocrx_word' id='word_1_206' title='bbox 1683 2829 1858 2901; x_wconf 87' lang='lat' dir='ltr'><strong>velut</strong></span> <span class='ocrx_word' id='word_1_207' title='bbox 1899 2829 2189 2902; x_wconf 78' lang='lat' dir='ltr'><strong>extorris</strong></span> <span class='ocrx_word' id='word_1_208' title='bbox 2224 2839 2419 2926; x_wconf 89' lang='lat' dir='ltr'><strong>atque</strong></span> <span class='ocrx_word' id='word_1_209' title='bbox 2463 2830 2616 2902; x_wconf 83' lang='lat' dir='ltr'><strong>ubi-</strong></span> 
     </span>
     <span class='ocr_line' id='line_1_26' title="bbox 378 2930 2708 3048; baseline 0.003 -47"><span class='ocrx_word' id='word_1_210' title='bbox 378 2953 505 3027; x_wconf 87' lang='lat' dir='ltr'><strong>que</strong></span> <span class='ocrx_word' id='word_1_211' title='bbox 557 2931 929 3026; x_wconf 82' lang='lat' dir='ltr'><strong>alienigena</strong></span> <span class='ocrx_word' id='word_1_212' title='bbox 979 2932 1310 3003; x_wconf 86' lang='lat' dir='ltr'><strong>contemni</strong></span> <span class='ocrx_word' id='word_1_213' title='bbox 1356 2930 1742 3048; x_wconf 84' lang='lat' dir='ltr'><strong>optabilius</strong></span> <span class='ocrx_word' id='word_1_214' title='bbox 1771 2930 2091 3022; x_wconf 83' lang='lat' dir='ltr'><strong>duxerat,</strong></span> <span class='ocrx_word' id='word_1_215' title='bbox 2163 2956 2396 3028; x_wconf 89' lang='lat' dir='ltr'><strong>purum</strong></span> <span class='ocrx_word' id='word_1_216' title='bbox 2446 2955 2614 3029; x_wconf 84' lang='lat' dir='ltr'><strong>pra-</strong></span> <span class='ocrx_word' id='word_1_217' title='bbox 2704 2991 2708 2995; x_wconf 67' lang='lat'><strong>.</strong></span> 
     </span>
     <span class='ocr_line' id='line_1_27' title="bbox 377 3021 2674 3151; baseline 0.001 -47"><span class='ocrx_word' id='word_1_218' title='bbox 377 3032 480 3104; x_wconf 70' lang='lat' dir='ltr'><strong>vis</strong></span> <span class='ocrx_word' id='word_1_219' title='bbox 535 3031 1014 3151; x_wconf 86' lang='lat' dir='ltr'><strong>cupiditatibus</strong></span> <span class='ocrx_word' id='word_1_220' title='bbox 1096 3021 1166 3103; x_wconf 83' lang='lat' dir='ltr'><strong>et</strong></span> <span class='ocrx_word' id='word_1_221' title='bbox 1243 3032 1531 3104; x_wconf 83' lang='lat' dir='ltr'><strong>exilibus</strong></span> <span class='ocrx_word' id='word_1_222' title='bbox 1603 3031 1781 3103; x_wconf 83' lang='lat' dir='ltr'><strong>curis</strong></span> <span class='ocrx_word' id='word_1_223' title='bbox 1851 3033 2135 3103; x_wconf 87' lang='lat' dir='ltr'><strong>animum</strong></span> <span class='ocrx_word' id='word_1_224' title='bbox 2216 3042 2456 3130; x_wconf 86' lang='lat' dir='ltr'><strong>sponte</strong></span> <span class='ocrx_word' id='word_1_225' title='bbox 2523 3032 2608 3106; x_wconf 89' lang='lat' dir='ltr'><strong>ad</strong></span> <span class='ocrx_word' id='word_1_226' title='bbox 2673 3060 2674 3065; x_wconf 47' lang='lat'>¹</span> 
     </span>
     <span class='ocr_line' id='line_1_28' title="bbox 381 3131 2614 3229; baseline 0 -23"><span class='ocrx_word' id='word_1_227' title='bbox 381 3134 601 3206; x_wconf 85' lang='lat' dir='ltr'><strong>omnia</strong></span> <span class='ocrx_word' id='word_1_228' title='bbox 664 3148 830 3229; x_wconf 81' lang='lat' dir='ltr'><strong>quae</strong></span> <span class='ocrx_word' id='word_1_229' title='bbox 898 3141 1127 3225; x_wconf 82' lang='lat' dir='ltr'><strong>sancta</strong></span> <span class='ocrx_word' id='word_1_230' title='bbox 1191 3141 1344 3204; x_wconf 92' lang='lat' dir='ltr'><strong>sunt</strong></span> <span class='ocrx_word' id='word_1_231' title='bbox 1392 3132 1843 3204; x_wconf 80' lang='lat' dir='ltr'><strong>convertebat.</strong></span> <span class='ocrx_word' id='word_1_232' title='bbox 1944 3131 2007 3203; x_wconf 84' lang='lat' dir='ltr'><strong>F</strong></span> <span class='ocrx_word' id='word_1_233' title='bbox 2009 3134 2185 3229; x_wconf 76' lang='lat' dir='ltr'><strong>riget</strong></span> <span class='ocrx_word' id='word_1_234' title='bbox 2250 3135 2422 3206; x_wconf 88' lang='lat' dir='ltr'><strong>enim</strong></span> <span class='ocrx_word' id='word_1_235' title='bbox 2474 3134 2614 3206; x_wconf 83' lang='grc' dir='ltr'>ιιι-</span> 
     </span>
     <span class='ocr_line' id='line_1_29' title="bbox 381 3219 2610 3331; baseline 0 -24"><span class='ocrx_word' id='word_1_236' title='bbox 381 3242 529 3326; x_wconf 65' lang='grc' dir='ltr'><strong>ωε,</strong></span> <span class='ocrx_word' id='word_1_237' title='bbox 605 3259 771 3331; x_wconf 90' lang='lat' dir='ltr'><strong>quae</strong></span> <span class='ocrx_word' id='word_1_238' title='bbox 823 3258 911 3307; x_wconf 82' lang='lat' dir='ltr'><strong>ex</strong></span> <span class='ocrx_word' id='word_1_239' title='bbox 962 3234 1108 3307; x_wconf 89' lang='lat' dir='ltr'><strong>solo</strong></span> <span class='ocrx_word' id='word_1_240' title='bbox 1161 3234 1398 3305; x_wconf 84' lang='lat' dir='ltr'><strong>mentis</strong></span> <span class='ocrx_word' id='word_1_241' title='bbox 1462 3233 1710 3305; x_wconf 87' lang='lat' dir='ltr'><strong>iudicio</strong></span> <span class='ocrx_word' id='word_1_242' title='bbox 1763 3232 2064 3330; x_wconf 83' lang='lat' dir='ltr'><strong>profecta</strong></span> <span class='ocrx_word' id='word_1_243' title='bbox 2112 3259 2241 3307; x_wconf 89' lang='lat' dir='ltr'><strong>non</strong></span> <span class='ocrx_word' id='word_1_244' title='bbox 2293 3219 2492 3307; x_wconf 82' lang='lat' dir='ltr'><strong>habet</strong></span> <span class='ocrx_word' id='word_1_245' title='bbox 2538 3236 2610 3308; x_wconf 92' lang='lat' dir='ltr'><strong>in</strong></span> 
     </span>
     <span class='ocr_line' id='line_1_30' title="bbox 381 3335 2612 3433; baseline 0 -25"><span class='ocrx_word' id='word_1_246' title='bbox 381 3344 657 3433; x_wconf 85' lang='lat' dir='ltr'><strong>pectore</strong></span> <span class='ocrx_word' id='word_1_247' title='bbox 731 3336 1022 3409; x_wconf 82' lang='lat' dir='ltr'><strong>fomitem</strong></span> <span class='ocrx_word' id='word_1_248' title='bbox 1042 3387 1066 3427; x_wconf 89' lang='lat'><strong>,</strong></span> <span class='ocrx_word' id='word_1_249' title='bbox 1154 3357 1282 3431; x_wconf 88' lang='lat' dir='ltr'><strong>quo</strong></span> <span class='ocrx_word' id='word_1_250' title='bbox 1360 3335 1634 3408; x_wconf 84' lang='lat' dir='ltr'><strong>incenso</strong></span> <span class='ocrx_word' id='word_1_251' title='bbox 1712 3343 1893 3407; x_wconf 84' lang='lat' dir='ltr'><strong>totus</strong></span> <span class='ocrx_word' id='word_1_252' title='bbox 1964 3335 2158 3408; x_wconf 83' lang='lat' dir='ltr'><strong>bomo</strong></span> <span class='ocrx_word' id='word_1_253' title='bbox 2224 3336 2612 3410; x_wconf 82' lang='lat' dir='ltr'><strong>incalescat.</strong></span> 
     </span>
     <span class='ocr_line' id='line_1_31' title="bbox 385 3436 2616 3534; baseline 0 -25"><span class='ocrx_word' id='word_1_254' title='bbox 385 3438 583 3529; x_wconf 70' lang='lat' dir='ltr'><strong>Quod</strong></span> <span class='ocrx_word' id='word_1_255' title='bbox 634 3438 694 3510; x_wconf 88' lang='lat' dir='ltr'><strong>si</strong></span> <span class='ocrx_word' id='word_1_256' title='bbox 743 3438 848 3510; x_wconf 87' lang='lat' dir='ltr'><strong>usi</strong></span> <span class='ocrx_word' id='word_1_257' title='bbox 899 3445 1162 3528; x_wconf 84' lang='lat' dir='ltr'><strong>essent,</strong></span> <span class='ocrx_word' id='word_1_258' title='bbox 1227 3459 1502 3534; x_wconf 87' lang='lat' dir='ltr'><strong>quorum</strong></span> <span class='ocrx_word' id='word_1_259' title='bbox 1550 3436 1622 3507; x_wconf 87' lang='lat' dir='ltr'><strong>id</strong></span> <span class='ocrx_word' id='word_1_260' title='bbox 1671 3444 1856 3527; x_wconf 90' lang='lat' dir='ltr'><strong>erat,</strong></span> <span class='ocrx_word' id='word_1_261' title='bbox 1913 3436 2450 3509; x_wconf 87' lang='lat' dir='ltr'><strong>illo-animorum</strong></span> <span class='ocrx_word' id='word_1_262' title='bbox 2500 3461 2616 3509; x_wconf 85' lang='lat' dir='ltr'><strong>ar·-</strong></span> 
     </span>
     <span class='ocr_line' id='line_1_32' title="bbox 388 3538 2618 3636; baseline 0 -24"><span class='ocrx_word' id='word_1_263' title='bbox 388 3540 589 3631; x_wconf 75' lang='lat' dir='ltr'><strong>dore,</strong></span> <span class='ocrx_word' id='word_1_264' title='bbox 645 3541 754 3636; x_wconf 90' lang='lat' dir='ltr'><strong>qui</strong></span> <span class='ocrx_word' id='word_1_265' title='bbox 804 3548 941 3611; x_wconf 89' lang='lat' dir='ltr'><strong>tum</strong></span> <span class='ocrx_word' id='word_1_266' title='bbox 994 3558 1247 3611; x_wconf 88' lang='lat' dir='ltr'><strong>omnem</strong></span> <span class='ocrx_word' id='word_1_267' title='bbox 1296 3538 1576 3636; x_wconf 84' lang='lat' dir='ltr'><strong>patriam</strong></span> <span class='ocrx_word' id='word_1_268' title='bbox 1631 3538 1918 3629; x_wconf 85' lang='lat' dir='ltr'><strong>tenebat,</strong></span> <span class='ocrx_word' id='word_1_269' title='bbox 1971 3561 2184 3635; x_wconf 85' lang='lat' dir='ltr'><strong>neque</strong></span> <span class='ocrx_word' id='word_1_270' title='bbox 2234 3563 2421 3630; x_wconf 88' lang='lat' dir='ltr'><strong>eum,</strong></span> <span class='ocrx_word' id='word_1_271' title='bbox 2496 3562 2618 3612; x_wconf 87' lang='lat' dir='ltr'><strong>co-</strong></span> 
     </span>
     <span class='ocr_line' id='line_1_33' title="bbox 314 3639 2636 3738; baseline 0.001 -26"><span class='ocrx_word' id='word_1_272' title='bbox 314 3643 321 3652; x_wconf 84' lang='grc'><strong>’</strong></span> <span class='ocrx_word' id='word_1_273' title='bbox 388 3642 574 3736; x_wconf 78' lang='lat' dir='ltr'><strong>guito</strong></span> <span class='ocrx_word' id='word_1_274' title='bbox 628 3648 868 3738; x_wconf 90' lang='lat' dir='ltr'><strong>quanta</strong></span> <span class='ocrx_word' id='word_1_275' title='bbox 917 3641 1023 3712; x_wconf 85' lang='lat' dir='ltr'><strong>vis</strong></span> <span class='ocrx_word' id='word_1_276' title='bbox 1071 3648 1249 3712; x_wconf 82' lang='lat' dir='ltr'><strong>esset</strong></span> <span class='ocrx_word' id='word_1_277' title='bbox 1296 3640 1366 3711; x_wconf 94' lang='lat' dir='ltr'><strong>in</strong></span> <span class='ocrx_word' id='word_1_278' title='bbox 1417 3639 1679 3712; x_wconf 86' lang='lat' dir='ltr'><strong>nomine</strong></span> <span class='ocrx_word' id='word_1_279' title='bbox 1722 3640 2004 3736; x_wconf 88' lang='lat' dir='ltr'><strong>patriae,</strong></span> <span class='ocrx_word' id='word_1_280' title='bbox 2062 3664 2224 3712; x_wconf 88' lang='lat' dir='ltr'><strong>vano</strong></span> <span class='ocrx_word' id='word_1_281' title='bbox 2262 3649 2438 3713; x_wconf 82' lang='lat' dir='ltr'><strong>metu</strong></span> <span class='ocrx_word' id='word_1_282' title='bbox 2474 3648 2636 3716; x_wconf 83' lang='lat' dir='ltr'><strong>ter-.-</strong></span> 
     </span>
     <span class='ocr_line' id='line_1_34' title="bbox 364 3740 2617 3840; baseline -0 -25"><span class='ocrx_word' id='word_1_283' title='bbox 364 3743 500 3815; x_wconf 83' lang='grc' dir='ltr'>ϊιιι</span> <span class='ocrx_word' id='word_1_284' title='bbox 519 3794 543 3834; x_wconf 86' lang='grc'>,</span> <span class='ocrx_word' id='word_1_285' title='bbox 614 3741 1091 3840; x_wconf 85' lang='lat' dir='ltr'><strong>repressissent</strong></span> <span class='ocrx_word' id='word_1_286' title='bbox 1142 3750 1211 3813; x_wconf 89' lang='lat' dir='ltr'><strong>et</strong></span> <span class='ocrx_word' id='word_1_287' title='bbox 1258 3740 1768 3831; x_wconf 84' lang='lat' dir='ltr'><strong>restinxissent,</strong></span> <span class='ocrx_word' id='word_1_288' title='bbox 1826 3741 2109 3814; x_wconf 86' lang='lat' dir='ltr'><strong>fortasse</strong></span> <span class='ocrx_word' id='word_1_289' title='bbox 2161 3766 2371 3838; x_wconf 89' lang='lat' dir='ltr'><strong>neque</strong></span> <span class='ocrx_word' id='word_1_290' title='bbox 2420 3742 2491 3813; x_wconf 91' lang='lat' dir='ltr'><strong>in</strong></span> <span class='ocrx_word' id='word_1_291' title='bbox 2540 3766 2617 3814; x_wconf 90' lang='lat' dir='ltr'><strong>re</strong></span> 
     </span>
     <span class='ocr_line' id='line_1_35' title="bbox 388 3842 2619 3943; baseline 0 -27"><span class='ocrx_word' id='word_1_292' title='bbox 388 3842 655 3943; x_wconf 68' lang='lat' dir='ltr'><strong>publica</strong></span> <span class='ocrx_word' id='word_1_293' title='bbox 719 3867 930 3939; x_wconf 81' lang='lat' dir='ltr'><strong>neque</strong></span> <span class='ocrx_word' id='word_1_294' title='bbox 994 3844 1062 3915; x_wconf 92' lang='lat' dir='ltr'><strong>in</strong></span> <span class='ocrx_word' id='word_1_295' title='bbox 1129 3843 1565 3938; x_wconf 81' lang='lat' dir='ltr'><strong>religionibus</strong></span> <span class='ocrx_word' id='word_1_296' title='bbox 1618 3866 1696 3914; x_wconf 89' lang='lat' dir='ltr'><strong>ea</strong></span> <span class='ocrx_word' id='word_1_297' title='bbox 1745 3842 1895 3914; x_wconf 89' lang='lat' dir='ltr'><strong>fieri</strong></span> <span class='ocrx_word' id='word_1_298' title='bbox 1946 3843 2376 3935; x_wconf 85' lang='lat' dir='ltr'><strong>vidissemus,</strong></span> <span class='ocrx_word' id='word_1_299' title='bbox 2449 3867 2619 3939; x_wconf 90' lang='lat' dir='ltr'><strong>quae</strong></span> 
     </span>
     <span class='ocr_line' id='line_1_36' title="bbox 392 3943 2626 4042; baseline -0.001 -24"><span class='ocrx_word' id='word_1_300' title='bbox 392 3970 565 4025; x_wconf 82' lang='lat' dir='ltr'><strong>nunc</strong></span> <span class='ocrx_word' id='word_1_301' title='bbox 629 3945 900 4042; x_wconf 84' lang='lat' dir='ltr'><strong>ancipiti</strong></span> <span class='ocrx_word' id='word_1_302' title='bbox 967 3954 1035 4017; x_wconf 91' lang='lat' dir='ltr'><strong>et</strong></span> <span class='ocrx_word' id='word_1_303' title='bbox 1098 3945 1499 4041; x_wconf 82' lang='lat' dir='ltr'><strong>procliviore</strong></span> <span class='ocrx_word' id='word_1_304' title='bbox 1569 3943 1653 4015; x_wconf 87' lang='lat' dir='ltr'><strong>ad</strong></span> <span class='ocrx_word' id='word_1_305' title='bbox 1718 3943 2049 4016; x_wconf 80' lang='lat' dir='ltr'><strong>deteriora</strong></span> <span class='ocrx_word' id='word_1_306' title='bbox 2101 3968 2294 4042; x_wconf 83' lang='lat' dir='ltr'><strong>quam</strong></span> <span class='ocrx_word' id='word_1_307' title='bbox 2345 3945 2429 4016; x_wconf 86' lang='lat' dir='ltr'><strong>ad</strong></span> <span class='ocrx_word' id='word_1_308' title='bbox 2480 3968 2626 4016; x_wconf 88' lang='lat' dir='ltr'><strong>me-</strong></span> 
     </span>
     <span class='ocr_line' id='line_1_37' title="bbox 392 4046 2621 4167; baseline -0 -48"><span class='ocrx_word' id='word_1_309' title='bbox 392 4048 566 4120; x_wconf 87' lang='lat' dir='ltr'><strong>liora</strong></span> <span class='ocrx_word' id='word_1_310' title='bbox 631 4057 868 4120; x_wconf 74' lang='lat' dir='ltr'><strong>eventu</strong></span> <span class='ocrx_word' id='word_1_311' title='bbox 932 4046 1288 4167; x_wconf 86' lang='lat' dir='ltr'><strong>agitantur.</strong></span> <span class='ocrx_word' id='word_1_312' title='bbox 1403 4048 1500 4119; x_wconf 83' lang='lat' dir='ltr'><strong>At</strong></span> <span class='ocrx_word' id='word_1_313' title='bbox 1563 4046 1840 4118; x_wconf 90' lang='lat' dir='ltr'><strong>forsitan</strong></span> <span class='ocrx_word' id='word_1_314' title='bbox 1910 4047 2137 4120; x_wconf 85' lang='lat' dir='ltr'><strong>credat</strong></span> <span class='ocrx_word' id='word_1_315' title='bbox 2196 4047 2437 4143; x_wconf 78' lang='lat' dir='ltr'><strong>aliquis</strong></span> <span class='ocrx_word' id='word_1_316' title='bbox 2486 4070 2621 4118; x_wconf 86' lang='lat' dir='ltr'><strong>non</strong></span> 
     </span>
     <span class='ocr_line' id='line_1_38' title="bbox 394 4148 2626 4246; baseline -0.001 -25"><span class='ocrx_word' id='word_1_317' title='bbox 394 4149 589 4223; x_wconf 82' lang='lat' dir='ltr'><strong>modo</strong></span> <span class='ocrx_word' id='word_1_318' title='bbox 655 4174 786 4222; x_wconf 86' lang='lat' dir='ltr'><strong>nou</strong></span> <span class='ocrx_word' id='word_1_319' title='bbox 852 4149 1070 4246; x_wconf 90' lang='lat' dir='ltr'><strong>optari</strong></span> <span class='ocrx_word' id='word_1_320' title='bbox 1133 4156 1210 4221; x_wconf 91' lang='lat' dir='ltr'><strong>ut</strong></span> <span class='ocrx_word' id='word_1_321' title='bbox 1275 4148 1739 4222; x_wconf 79' lang='lat' dir='ltr'><strong>obliviscamur</strong></span> <span class='ocrx_word' id='word_1_322' title='bbox 1786 4149 2080 4245; x_wconf 88' lang='lat' dir='ltr'><strong>patriae,</strong></span> <span class='ocrx_word' id='word_1_323' title='bbox 2152 4148 2301 4221; x_wconf 89' lang='lat' dir='ltr'><strong>sed</strong></span> <span class='ocrx_word' id='word_1_324' title='bbox 2321 4148 2428 4219; x_wconf 87' lang='lat' dir='ltr'><strong>vel</strong></span> <span class='ocrx_word' id='word_1_325' title='bbox 2479 4170 2626 4219; x_wconf 79' lang='lat' dir='ltr'><strong>nra-</strong></span> 
     </span>
     <span class='ocr_line' id='line_1_39' title="bbox 397 4236 2668 4349; baseline -0 -27"><span class='ocrx_word' id='word_1_326' title='bbox 397 4251 574 4323; x_wconf 77' lang='lat' dir='ltr'><strong>xime</strong></span> <span class='ocrx_word' id='word_1_327' title='bbox 623 4251 919 4349; x_wconf 83' lang='lat' dir='ltr'><strong>prospici</strong></span> <span class='ocrx_word' id='word_1_328' title='bbox 969 4250 1322 4323; x_wconf 75' lang='lat' dir='ltr'><strong>excitando</strong></span> <span class='ocrx_word' id='word_1_329' title='bbox 1375 4249 1741 4345; x_wconf 86' lang='lat' dir='ltr'><strong>alendoque</strong></span> <span class='ocrx_word' id='word_1_330' title='bbox 1794 4250 1936 4321; x_wconf 88' lang='lat' dir='ltr'><strong>eius</strong></span> <span class='ocrx_word' id='word_1_331' title='bbox 1976 4250 2205 4325; x_wconf 86' lang='lat' dir='ltr'><strong>amori.</strong></span> <span class='ocrx_word' id='word_1_332' title='bbox 2304 4236 2668 4321; x_wconf 78' lang='lat' dir='ltr'><strong>Ponimus</strong></span> 
     </span>
     <span class='ocr_line' id='line_1_40' title="bbox 400 4348 2629 4489; baseline -0.002 -63"><span class='ocrx_word' id='word_1_333' title='bbox 400 4353 589 4426; x_wconf 71' lang='lat' dir='ltr'><strong>enirn</strong></span> <span class='ocrx_word' id='word_1_334' title='bbox 615 4361 1054 4445; x_wconf 69' lang='grc' dir='ltr'>ιιιιιιιιιιιιιιιιιει</span> <span class='ocrx_word' id='word_1_335' title='bbox 1114 4352 1484 4450; x_wconf 75' lang='lat' dir='ltr'><strong>insignibus</strong></span> <span class='ocrx_word' id='word_1_336' title='bbox 1553 4351 1739 4425; x_wconf 84' lang='lat' dir='ltr'><strong>viris.</strong></span> <span class='ocrx_word' id='word_1_337' title='bbox 1838 4350 2093 4489; x_wconf 83' lang='lat' dir='ltr'><strong>Recte.</strong></span> <span class='ocrx_word' id='word_1_338' title='bbox 2166 4348 2313 4449; x_wconf 86' lang='lat' dir='ltr'><strong>quis</strong></span> <span class='ocrx_word' id='word_1_339' title='bbox 2363 4351 2629 4450; x_wconf 81' lang='lat' dir='ltr'><strong>vitupo-</strong></span> 
     </span>
    </p>
   </div>
  </div>
 </body>
</html>
