3192 4992
745 380 847 443 DE
890 378 1226 448 QUINQUE
1266 371 1640 448 mmclffus
1681 382 2115 449 romunt.
2458 382 2548 451 Β

345 548 523 620 buum
567 552 910 642 praetores
958 545 1031 619 in
1080 546 1337 621 scholio
1402 571 1536 622 non
1601 549 1863 645 integro
1915 549 2170 642 desint,
2234 574 2356 648 pro
2406 574 2543 624 uuo
2574 617 2593 626 -

345 674 426 724 ex
451 649 577 720 illis
606 647 913 722 tribubus
933 657 1239 745 praetore
1269 629 1614 723 suffectum
1646 650 1850 723 fuisse
1873 653 2246 748 suspicatur
2270 651 2543 726 Boeck-

337 750 496 821 bius.
589 748 769 822 Hoc
799 748 1060 847 quidem
1110 774 1339 847 parum
1394 753 1536 823 veri
1585 752 1801 823 simile
1841 761 1969 843 est,
2023 751 2342 850 siquidem
2377 778 2541 826 cou-

335 858 697 924 sentaneum
751 859 921 942 erat,
974 851 1085 922 ubi
1138 852 1563 925 sufficientius
1616 851 1856 948 aliquis
1906 861 2121 946 esset,
2175 878 2262 927 ex
2314 854 2541 926 eadem

331 975 470 1024 eum
515 952 693 1025 tribu
742 953 917 1050 capi,
973 953 1158 1025 cuius
1210 962 1480 1049 praetor
1529 978 1817 1027 vacuum·
1857 955 2259 1028 deseruisset
2305 979 2541 1028 munus

328 1077 529 1125 suum.
635 1051 776 1127 Sed
826 1055 1156 1127 mittamus
1207 1055 1378 1128 banc
1427 1058 1898 1153 quaestionem,
1953 1057 2258 1153 quoniam
2309 1057 2544 1129 etalio

328 1155 558 1227 coniici
608 1162 924 1252 possunt,
995 1180 1122 1228 nec
1185 1164 1374 1253 parte
1443 1157 1684 1230 scbolii
1750 1156 2098 1230 deficiente
2165 1158 2332 1231 certi
2383 1156 2542 1254 quid

324 1257 518 1327 statui
568 1282 767 1354 posse
818 1258 1104 1330 videtur.
1203 1255 1385 1330 Iflud
1449 1268 1668 1331 tamen
1732 1283 1820 1331 ex
1869 1260 2002 1331 isto
2066 1259 2322 1332 scholio
2370 1259 2539 1332 satis

323 1358 492 1429 clare
542 1359 967 1456 intelligitur,
1018 1367 1384 1456 praetores,
1436 1368 1512 1431 ut
1560 1362 1731 1432 alios
1772 1361 2222 1458 magistratus,
2275 1384 2362 1431 ex
2397 1360 2540 1432 siu·-

319 1459 487 1554 gulis
537 1460 835 1533 tribubus
886 1461 1191 1557 singulos
1241 1484 1387 1533 esse
1426 1469 1683 1558 captos.
1785 1460 1956 1534 Dixi
1988 1463 2179 1553 haec,
2231 1461 2539 1559 quoniam

316 1560 478 1632 illud
532 1558 678 1634 ἀπὸ
731 1568 972 1657 φυλῆς
1015 1568 1192 1650 μιᾶς
1242 1562 1553 1636 ἕκαστον
1616 1565 1687 1635 in
1736 1563 1931 1636 istam
1981 1564 2372 1637 sententiam
2422 1583 2540 1634 ac-

319 1670 579 1759 ceptum
630 1663 952 1735 videbam.
1051 1662 1147 1734 At
1194 1688 1327 1735 non
1366 1672 1530 1759 puto
1567 1665 1747 1737 istud
1788 1665 2009 1738 dicere
2041 1664 2333 1752 voluisse
2364 1662 2539 1736 Plu-

316 1764 647 1835 tarcbum.
730 1788 878 1835 nam
926 1764 1026 1837 sic
1072 1765 1296 1862 potius
1362 1766 1685 1858 dixisset,
1750 1764 1897 1840 ἀπὸ
1946 1772 2186 1863 φυλῆς
2233 1760 2571 1859 ἑκάστης]

314 1862 468 1938 ἕνα.
571 1863 878 1956 Scilicet,
933 1866 1060 1937 etsi
1110 1890 1244 1940 non
1292 1866 1508 1939 minus
1560 1868 2048 1941 accommodate
2086 1868 2169 1940 ad
2202 1867 2449 1939 illam
2427 1891 2538 1938 ιιι-

313 1966 873 2062 terpretationem,
925 1973 1174 2094 tamen,
1219 1969 1319 2041 uti
1369 1968 1689 2061 debebat,
1755 1970 2105 2067 scripsisse
2155 1994 2304 2043 eum
2356 1967 2536 2039 arbi-
2578 1981 2587 1996 ⁴

309 2074 489 2159 tror,
568 2071 817 2165 κρῖναι
887 2065 1068 2142 δέκα
1130 2069 1356 2152 ὄντας
1419 2067 1569 2144 ἀπὸ
1647 2078 1888 2168 φυλῆς
1953 2077 2134 2165 ιιιᾶς
2209 2065 2536 2163 ἕκαστης.
2586 2065 2595 2070 ’

305 2165 475 2240 Nam
526 2169 628 2242 sic
676 2168 933 2242 demum
984 2178 1053 2242 et
1100 2179 1284 2243 recte
1336 2171 1651 2267 loquutus
1703 2183 1830 2264 est,
1885 2181 1954 2245 et
2003 2196 2123 2246 cur
2169 2173 2269 2244 ita
2301 2172 2391 2244 sit
2427 2171 2538 2242 lo-

306 2279 547 2366 quutus
598 2278 900 2368 apparet.
1002 2270 1194 2344 Haec
1244 2273 1417 2344 enim
1465 2274 1596 2344 iam
1635 2281 1740 2346 est
1775 2274 2122 2345 verborum
2164 2271 2532 2345 sententia·

304 2369 570 2446 decem
621 2397 860 2472 quum
911 2384 1185 2461 essent,
1240 2369 1341 2446 ab
1367 2397 1904 2492 umaquaque
1920 2370 2130 2446 tribu
2177 2397 2305 2447 eos
2335 2368 2537 2445 iudi-

302 2497 502 2546 care
548 2474 829 2547 iussit:
897 2498 1026 2569 quo
1092 2473 1527 2569 significavit,
1599 2499 1734 2547 non
1797 2474 2082 2574 quinque
2146 2499 2185 2546 e
2252 2471 2536 2572 qui'nque
2638 2529 2645 2548 .

299 2574 607 2646 tribubus
673 2574 979 2648 sortitum
1030 2597 1201 2646 esse.
1230 2575 1610 2648 archontem
1625 2626 1650 2666 ,
1722 2576 1882 2668 sed,
1951 2574 2258 2672 quoniam
2307 2574 2537 2650 decem
2588 2661 2595 2676 x

298 2684 649 2770 praetores
716 2683 975 2766 esseut,
1046 2676 1338 2748 voluisse
1403 2683 1478 2747 ut
1543 2677 1993 2751 altercationis
2044 2675 2535 2773 componendae

302 2797 540 2848 caussa
604 2776 802 2849 etiam
871 2800 993 2873 pro
1066 2778 1350 2850 caeteris
1421 2778 1706 2874 quinque
1777 2779 2075 2851 tribubus
2140 2778 2535 2852 accederent

302 2876 424 2947 alii
474 2877 755 2974 quinque
805 2877 1084 2951 iudices.
1186 2875 1296 2951 Ita
1328 2878 1675 2952 coufirmat
1701 2879 2131 2972 Plutarchus,
2180 2879 2357 2976 quod
2385 2887 2549 2953 tram

168 2993 173 3000 ·
304 2976 471 3049 dunt
520 2979 950 3096 grauumatici,
1004 2978 1286 3076 quinque
1335 2979 1408 3052 in
1456 2981 1633 3053 ludis
1668 2982 1949 3055 scenicis
1990 2981 2244 3055 iudices
2277 2981 2529 3054 fuisse·

306 3102 632 3175 quumque
682 3079 826 3175 ipse
876 3081 960 3152 de
995 3080 1385 3198 tragoediis,
1435 3083 1846 3177 grammatici
1879 3091 2097 3155 autem
2131 3081 2213 3154 dc
2260 3105 2533 3166 comoe-

305 3181 436 3252 diis
487 3182 878 3275 loquantur,
941 3206 1073 3254 non
1121 3175 1344 3279 inepte
1395 3182 1693 3255 videmur
1741 3185 2111 3274 coniicere,
2174 3207 2273 3256 ex„
2314 3183 2531 3256 omui·-

305 3281 427 3353 bus
482 3281 708 3355 decem
758 3281 1054 3354 tribubus
1106 3291 1289 3356 sorte
1340 3282 1573 3356 ductos
1625 3307 1775 3356 csse
1823 3284 2118 3376 iudices,
2170 3284 2291 3356 sed
2337 3285 2532 3382 quiu-

306 3406 433 3481 que
500 3407 723 3456 eorum
788 3382 1153 3479 tragoediis
1170 3435 1193 3473 ,
1277 3385 1526 3457 alteros
1611 3386 1897 3484 quinque
1960 3385 2320 3459 comoediis
2381 3407 2532 3458 esse

305 3483 708 3582 praefecto&
844 3483 1370 3557 Consentaneum
1437 3495 1654 3562 autem
1733 3494 1917 3579 erat,
2001 3487 2317 3584 imparem
2376 3509 2531 3564 esso

304 3609 683 3676 numerum,
736 3609 820 3657 uc
871 3585 1138 3682 paribus
1189 3586 1538 3660 sententiis
1589 3611 1834 3686 anceps
1883 3595 2176 3661 maneret
2227 3588 2531 3664 victoria.

223 3697 228 3708 “
303 3685 477 3760 Nam
529 3695 598 3759 et
646 3677 910 3784 poterat
957 3687 1107 3759 fieri
1156 3695 1225 3760 et
1264 3686 1508 3760 factum
1549 3713 1700 3763 esse
1730 3688 2045 3763 credibile
2078 3698 2211 3808 est,
2257 3697 2334 3763 ut
2363 3713 2531 3764 unus

305 3790 416 3862 vel
485 3789 616 3861 duo
666 3788 920 3862 iudices
990 3789 1235 3886 primas
1303 3786 1693 3863 deferendas
1757 3798 2102 3865 censerent
2151 3787 2216 3863 ei
2264 3801 2529 3889 poetae,

309 3916 502 3987 quem
556 3898 865 3987 quattuor
894 3891 1000 3962 vel
1036 3898 1174 3962 tres
1199 3888 1583 3962 inferiorem
1619 3890 2010 3965 iudicarent.
2109 3891 2528 3968 Documento

305 4003 436 4087 est,
494 3993 667 4090 quod
718 3992 987 4090 scripsit
1034 3990 1516 4088 Aristophanes
1564 3992 1639 4063 in
1686 3993 1941 4068 Avibus
1992 4019 2062 4068 ι
2110 3995 2289 4070 445.

613 4159 892 4257 ὄμνυμ’
953 4156 1070 4233 ἐπὶ
1118 4153 1406 4243 τούτοις
1452 4163 1636 4233 πᾶσι
1681 4165 1905 4236 νικᾶν
1951 4164 2105 4246 τοῖς
2151 4166 2434 4264 κριταῖς

611 4261 740 4338 καὶ
788 4266 943 4346 τοῖς
989 4264 1299 4344 θεαταῖς
1345 4266 1608 4336 πᾶσιν·

615 4368 680 4438 εἰ
730 4362 812 4439 δὲ
863 4361 1322 4464 παραβαίην,
1371 4359 1484 4438 ἔνι
1530 4368 1742 4464 κριτῇ
1790 4368 2013 4442 νικᾶν
2057 4357 2320 4461 μόνον.
