3192 4992
659 348 790 418 m
1020 349 1124 413 DE
1163 348 1604 416 mannum
1644 347 2183 415 coMoEmAQUE
2224 346 2526 410 LYch.

663 518 858 591 fiunt.
953 514 1063 590 Ac
1111 516 1291 590 dicta
1342 513 1645 589 videntur
1690 538 1960 590 numero
2010 513 2283 612 plurali,
2333 514 2493 612 qnia
2537 510 2627 589 τὸ
2659 512 2891 591 ἐπινί-

663 643 830 694 κιον
889 617 1212 715 singulari
1274 642 1543 690 numero
1610 641 1873 689 carmen
1936 616 2281 690 victoriale
2335 617 2559 689 vocari
2604 618 2889 691 solebat.

566 721 970 795 zsssuerunt
1031 720 1193 794 talia
1241 720 1546 792 instituta
1577 719 1748 791 ,aliis
1795 719 1868 789 in
1919 718 2087 790 locis
2139 718 2297 789 alia.
2398 715 2525 791 sio
2574 742 2772 815 quum
2820 720 2890 792 i·
3164 695 3165 764 ¹

664 821 1075 920 Tlnespiensi
1138 830 1206 894 et
1257 820 1723 894 Orchomeniis
1775 819 2323 939 inscriptionibus
2382 819 2437 891 ii
2486 827 2734 893 tautum
2785 821 2892 893 vi-
3162 769 3165 904 A

665 931 886 997 ctores
935 932 1440 1013 recenseantur,
1514 922 1629 1019 qni
1691 921 1937 1019 primas
1985 921 2055 992 in
2108 941 2367 1017 qnoque
2419 945 2659 1018 genere
2709 923 2892 994 tule-
3162 921 3165 960 ³

663 1037 857 1116 runt,
921 1025 994 1096 in
1035 1024 1580 1151 inscriptionibus
1632 1025 1860 1099 2758.
1911 1023 2135 1098 2759.
2200 1024 2534 1119 Πυθικῳ
2576 1021 2890 1151 αὐλητῇ,

662 1123 940 1221 κυκλίῳ
968 1122 1270 1220 αὐλητῇ,
1320 1122 1762 1221 κιθαρῳδῳ,
1813 1125 2311 1223 ψιλοκιθαρεῖ,
2353 1093 2711 1221 χοραύλῃ,
2753 1152 2890 1220 χο-

663 1229 1085 1320 ροκιθαρεῖ,
1148 1223 1425 1323 ἀρχαίᾳ
1488 1224 1891 1323 κωμῳδίᾳ,
1958 1231 2176 1320 καινῇ
2241 1223 2627 1327 τραγῳδία
2693 1228 2888 1300 etiam

664 1325 1117 1426 δευτερείου,
1168 1329 1506 1425 tragoedis
1557 1336 1773 1399 autem
1826 1336 1895 1400 et
1944 1327 2278 1401 comoedis
2328 1328 2495 1400 adeo
2543 1326 2886 1448 toeniov,

665 1440 1137 1556 praetereaque
1214 1430 1511 1503 omnihus
1585 1430 1856 1502 musicis
1926 1429 2388 1502 certaminibus
2460 1432 2889 1502 communiter

651 1528 794 1605 -διά
844 1526 1152 1607 πάντων
1200 1533 1558 1630 praemium
1608 1530 2028 1629 proponitur.
2120 1529 2438 1656 Denique
2486 1531 2619 1603 iam
2669 1555 2754 1604 ne
2800 1532 2889 1603 il-

665 1632 780 1704 lud
834 1633 1094 1730 quidem
1144 1634 1490 1705 obscurum
1524 1642 1686 1725 est,
1754 1657 1874 1705 cnr
1922 1632 2006 1703 ad
2052 1627 2150 1704 τὰ
2200 1629 2518 1708 ἐπινίκια
2582 1657 2716 1708 non
2766 1658 2890 1706 nu·
3022 1665 3029 1672 ⁸

651 1734 818 1807 dum
868 1758 1104 1808 nomen
1155 1735 1468 1827 victoris,
1522 1734 1643 1807 sed
1692 1736 1889 1812 etiam
1940 1757 2150 1830 genus
2202 1734 2580 1807 certaminis
2628 1734 2719 1807 sit
2770 1733 2890 1853 acl-.-

663 1835 934 1909 iectum.
1034 1834 1205 1910 Nam
1257 1861 1453 1932 quum
1501 1836 1658 1929 ista,
1712 1859 1878 1933 quae
1926 1832 2021 1907 τὰ
2071 1833 2389 1909 ἐπινίκια
2437 1845 2890 1929 vocantur,s1

670 1959 824 2010 vera
873 1945 978 2010 est
1027 1937 1409 2011 coniectura
1458 1946 1712 2030 nostra,
1763 1937 1986 2035 prouti
2036 1936 2247 2010 visum
2297 1946 2501 2029 esset,
2551 1937 2747 2011 modo
2799 1937 2889 2028 ei,

668 2039 781 2135 qui
842 2039 1018 2111 inter
1067 2039 1354 2111 victores
1403 2040 1684 2112 maxime
1736 2038 2154 2129 eminuisset,
2225 2038 2421 2111 modo
2471 2039 2712 2132 alicui,
2777 2041 2895 2137 qr!

663 2163 874 2238 prope
925 2140 1320 2213 accessisset
1369 2140 1453 2212 a'd
1508 2141 1873 2231 victoriam,
1937 2138 2487 2233 decernerentur,
2537 2151 2890 2214 consenta-

647 2265 858 2314 neum
908 2249 1053 2314 erat
1084 2242 1408 2314 nominari
1440 2243 1637 2314 etiam
1668 2266 1878 2340 genus
1910 2240 2313 2333 certaminis,
2365 2242 2543 2339 qnia,
2595 2242 2657 2313 si
2690 2265 2889 2340 prae-

557 2369 562 2378 *
660 2344 795 2416 mio
845 2344 967 2416 illo
1019 2342 1376 2418 donaretur
1425 2344 1707 2440 aliquis,
1775 2343 1961 2415 cuius
2011 2365 2245 2416 nomen
2296 2369 2429 2416 non
2479 2342 2718 2416 fuisset
2767 2367 2889 2416 an-

663 2453 773 2518 tea
835 2446 907 2518 in
975 2445 1331 2518 victoribus
1398 2452 1968 2519 commemoratum
1986 2495 2010 2535 ‚
2080 2444 2460 2519 intestatum
2509 2445 2883 2539 mansisset,

659 2569 793 2644 quo
845 2547 1203 2620 certamine
1252 2548 1371 2618 ille
1421 2549 1772 2621 meruisset
1821 2545 2132 2643 epinicia.
