3192 4992
1079 406 1180 465 nn
1229 403 1729 467 ΥΠοΒοΛΗι.
2001 417 2005 423 ·
2251 488 2266 501 x
2428 406 2515 474 69

505 573 692 644 τοῖσι
743 568 815 644 δ’
874 564 1360 665 ἅνισταμενος
1385 569 1664 700 μετέφη
1701 568 1969 666 κρείων
2002 569 2509 703 Ἀγαμέμνων,
2511 581 2564 655 6

500 678 728 770 μῆνιν
761 668 1291 766 ἀναστενάχων
1322 671 1449 746 καὶ
1486 671 1623 770 ὑφ’
1668 673 1906 760 ἕλκεος
1931 674 2156 775 ἄλγεα
2183 672 2511 771 πάσχων.

300 822 690 897 Aristarcho
759 824 879 896 alii
937 823 1345 922 grammatici
1411 790 1896 921 opposuerunt,
1985 825 2278 922 ineptum
2341 851 2515 919 esse,

301 924 533 998 sedere
560 925 1143 1022 Agamemnonem,
1196 935 1270 998 ut
1320 951 1450 997 non
1500 926 1715 1022 pedis,
1770 925 1887 997 sed
1923 925 2176 1000 brachii
2219 927 2517 1021 vulnere,

298 1050 509 1123 eoque
561 1053 694 1099 non
745 1027 1084 1100 admodum
1138 1026 1326 1124 gravi
1376 1035 1689 1123 accepto,
1762 1026 2019 1123 quando
2081 1029 2309 1124 paullo
2341 1039 2528 1125 post

303 1153 558 1200 verrem
608 1137 872 1201 mactet.
990 1128 1108 1201 Ex
1172 1129 1298 1201 hac
1366 1137 1432 1200 et
1486 1129 2055 1225 grammaticorum
2109 1129 2518 1203 dissensione

298 1237 368 1301 et
421 1229 862 1326 discrepantia
912 1231 1279 1328 scripturae
1319 1229 1447 1302 hoc
1479 1238 1693 1301 tamen
1730 1229 1986 1302 videtur
2015 1231 2247 1327 colligi
2286 1256 2517 1327 posse,

296 1339 500 1426 prout
564 1332 1012 1428 explicaretur
1067 1325 1549 1427 ὑποβάλλειν,
1622 1331 1731 1402 vel
1794 1339 2008 1403 stante
2075 1332 2183 1403 vel
2249 1333 2519 1405 sedente

294 1432 790 1526 Agamemnone
847 1433 980 1504 dici
1028 1435 1353 1530 posuisse.
1469 1431 1664 1505 Nunc
1711 1433 2013 1533 plerique
2065 1432 2145 1504 de
2197 1434 2519 1530 interpel-

293 1490 496 1605 lando
552 1534 797 1606 dictum
848 1535 1230 1626 voluerunt,
1295 1535 1389 1605 ita
1442 1533 1741 1630 quidem,
1807 1543 1882 1607 ut
1929 1560 2061 1606 non
2109 1534 2522 1631 Agamemno

294 1636 498 1725 alios,
552 1635 670 1707 sed
703 1636 820 1706 alii
846 1635 1397 1732 Agamemnonem
1430 1635 1807 1708 d1cerentur
1831 1636 2283 1732 interpellare
2348 1636 2518 1729 Qui-

295 1735 451 1807 dam
502 1761 659 1808 vero
711 1736 793 1808 de
845 1737 1275 1833 suggerendis
1329 1761 1495 1832 quae
1528 1737 1804 1809 dicenda
1838 1746 2060 1810 essent
2095 1746 2513 1834 acceperunt,

295 1838 419 1909 sed
471 1863 601 1910 non
650 1863 780 1910 uno
832 1838 1052 1910 modo.
1152 1837 1323 1911 Nam
1354 1828 1752 1935 Apollonius
1781 1839 2334 1935 interpretabatur
2374 1867 2516 1945 μη-

293 1936 453 2021 δείς
514 1966 642 2034 μοι
690 1936 1163 2058 ὑποβαλέτω,
1241 1948 1481 2036 putans
1532 1938 2090 2037 Agamemnonem
2154 1941 2281 2012 sibi
2350 1966 2515 2037 quae

293 2039 552 2113 diceret
600 2040 871 2138 suggeri
935 2041 1015 2112 ab
1069 2042 1218 2114 aliis
1268 2042 1603 2114 noluisse·
1583 2094 1604 2130 ,
1677 2043 1810 2113 alia
1861 2050 2075 2113 autem
2127 2043 2514 2141 explicatio,

170 2165 177 2169 ·
293 2142 485 2214 cuius
537 2152 767 2215 auctor
814 2142 939 2214 fuit
978 2142 1290 2235 ArchiaS,
1340 2143 1606 2240 prodita
1655 2152 1758 2215 est
1809 2143 1887 2214 ab
1939 2169 2068 2215 uno
2122 2143 2517 2239 scholiasta-

290 2268 437 2314 rum
494 2252 701 2339 atque.
738 2242 1093 2316 Eustatlnio
1150 2253 1215 2316 et
1266 2245 1337 2316 in
1386 2244 1608 2317 lexico
1659 2245 2044 2341 Apollonii,
2114 2269 2241 2340 qua
2294 2253 2517 2317 orator

290 2345 440 2441 ipse
496 2346 784 2417 creditus
851 2354 954 2417 est
1003 2371 1134 2417 non
1188 2345 1424 2417 debere
1477 2346 1594 2415 alii
1646 2370 2046 2441 suggerere,
2116 2369 2280 2441 quae
2332 2346 2391 2417 is
2443 2355 2517 2416 ut
2573 2339 2591 2358 ⁸
2641 2427 2649 2437 ,

288 2447 626 2574 interpres
694 2446 930 2518 deinde
997 2447 1509 2523 communicaret
1572 2470 1752 2517 cum·
1790 2447 2107 2518 caeteris.
2194 2446 2364 2516 unde
2434 2446 2518 2516 ad

288 2543 445 2621 σύι
428 2549 687 2620 θεσθε
740 2547 1116 2618 adnotatum
1168 2554 1307 2618 est:
1377 2545 1445 2619 οἱ
1496 2542 1579 2620 δὲ
1632 2543 1869 2619 λοιποι
1921 2541 2369 2629 ἀκούσαντες
2418 2549 2519 2618 εἶ-

288 2678 483 2756 πατε
534 2652 687 2731 τοῖς
733 2645 835 2745 μὴ
888 2644 1318 2722 ἀκούσασιν.
1421 2646 1724 2744 Vtraque
1774 2648 1944 2720 ratio
1977 2648 2317 2744 displicuit
2365 2651 2524 2733 τοῖς

284 2746 824 2853 χαριεστέρως,
877 2749 1049 2846 quod
1099 2751 1394 2847 ignotum
1444 2749 1737 2821 Homero
1790 2749 2014 2841 fuerit,
2066 2757 2140 2821 ιιι
2190 2749 2519 2822 scholias-

292 2863 405 2925 tae
451 2844 668 2924 verbis
711 2862 884 2944 utar,
935 2849 1019 2923 τὸ
1050 2857 1390 2925 τοιοῦτον
1423 2847 1617 2933 εἶδος
1643 2857 1771 2945 τῆς
1803 2847 2280 2978 ὃηιιηγορίας,
2331 2849 2523 2951 λέγω

293 2952 377 3029 δὲ
448 2952 534 3027 τὸ
613 2955 690 3036 ἐξ
755 2947 1246 3077 ἀναγνώσεως
1318 2950 1445 3027 καὶ
1515 2958 1812 3081 γραφῆς
1885 2947 2515 3047 ὑποβαλλόμενον.

291 3055 578 3128 Rectius
629 3053 1058 3127 Eustathius:
1129 3051 1257 3128 διὰ
1306 3051 1391 3126 τὸ
1442 3081 1544 3149 μη
1594 3050 2072 3150 εὑρίσκεσθαί
2120 3080 2264 3126 που
2314 3051 2518 3150 παρὰ

293 3165 406 3254 τῷ
459 3163 717 3267 ποιητῆ
769 3153 906 3251 τὴν
957 3153 1059 3230 δι’
1118 3152 1537 3251 ὑποβολέως
1586 3152 2071 3254 δημηγορίαν.
2172 3155 2513 3251 Apollonii

300 3230 563 3356 quidem
614 3258 1119 3355 explicationem
1181 3266 1361 3329 recte
1425 3257 1832 3354 repudiatam
1886 3281 2032 3328 esse
2083 3280 2272 3327 nemo
2324 3255 2524 3326 dubi-
2583 3342 2608 3349 ,ρ

297 3362 512 3433 tabit.
596 3360 816 3453 Quare
869 3359 950 3431 de
1001 3359 1181 3431 solis
1218 3359 1464 3430 duabus
1514 3358 1790 3454 reliquis
1842 3358 2213 3429 videndum.

493 3478 1035 3607 Ὑποβαλλειν
1014 3536 1084 3582 ιιι
1131 3510 1217 3582 iis
1270 3534 1434 3606 quae
1478 3509 1550 3581 in
1577 3507 1944 3606 Opusculis
1985 3508 2223 3605 scripsi
2258 3507 2522 3579 ostendi

300 3614 574 3710 proprie
640 3613 1013 3710 significare
1077 3608 1451 3684 subiicere
1503 3613 1743 3684 alteri
1808 3608 2020 3710 quod
2059 3607 2519 3683 recordetur

303 3718 430 3789 vel
473 3713 710 3787 dicat.
815 3713 1006 3804 Quod
1073 3738 1269 3809 quum
1332 3712 1488 3808 quid
1551 3712 1896 3784 subiicitur
1957 3736 2089 3783 non
2144 3709 2564 3802 recordanti>

310 3818 411 3888 vel
464 3817 638 3887 aliud
684 3816 848 3912 quid
902 3816 1183 3905 dicturo,
1238 3815 1586 3886 coniuncta
1635 3821 1740 3885 est
1790 3813 2050 3909 quidem
2083 3835 2162 3883 ea
2198 3808 2544 3884 subiectio

308 3943 449 3990 cum
504 3918 782 4013 quadam
829 3916 1399 4013 interpellatione,
1456 3916 1608 4011 quia
1658 3915 1743 3985 ad
1793 3915 1970 3986 aliud
2025 3914 2350 3986 convertit
2400 3940 2521 3986 co·-

308 4021 691 4114 gitationem
740 4019 921 4122 eius,
987 4019 1095 4089 cui
1145 4018 1300 4113 quid
1351 4017 1733 4108 subiicitur,
1800 4016 1918 4088 sed
1965 4040 2098 4088 non
2148 4023 2251 4087 est
2299 4023 2516 4087 tamen

307 4132 380 4193 ut
441 4122 589 4218 ipsa
653 4145 774 4217 per
838 4146 909 4192 se
961 4120 1176 4217 possit
1223 4119 1670 4215 interpellatio
1724 4118 1984 4209 vocari,
2066 4142 2232 4214 quae
2295 4122 2517 4212 potest

310 4223 505 4294 etiam
568 4223 947 4319 imperando
1015 4222 1279 4293 silentio
1350 4222 1450 4292 vel
1519 4221 2136 4292 commemoratione
2193 4216 2515 4290 contineri

309 4324 407 4395 rei
456 4324 651 4421 plane
703 4324 981 4396 alienae.
1083 4321 1445 4399 Videamus
1495 4322 1627 4395 iam
1679 4321 1850 4416 quid
1883 4321 2160 4394 moverit
2207 4341 2349 4408 eos,
2402 4318 2515 4412 qui

311 4426 861 4523 Agamemnonem
910 4425 1125 4520 ipsum
1175 4448 1323 4497 esse
1373 4421 1509 4499 τὸν
1554 4416 2082 4519 ὑποβάλλοντα
2122 4426 2523 4492 statuerunt.
2605 4499 2612 4505 ἡ
