<?xml version="1.0" encoding="UTF-8"?>
<!DOCTYPE html PUBLIC "-//W3C//DTD XHTML 1.0 Transitional//EN"
    "http://www.w3.org/TR/xhtml1/DTD/xhtml1-transitional.dtd">
<html xmlns="http://www.w3.org/1999/xhtml" xml:lang="en" lang="en">
 <head>
  <title>
</title>
<meta http-equiv="Content-Type" content="text/html;charset=utf-8" />
  <meta name='ocr-system' content='tesseract 3.04.00' />
  <meta name='ocr-capabilities' content='ocr_page ocr_carea ocr_par ocr_line ocrx_word'/>
</head>
<body>
  <div class='ocr_page' id='page_1' title='image "./godofrediherman00fritgoog_0400.png"; bbox 0 0 3192 4992; ppageno 0'>
   <div class='ocr_carea' id='block_1_1' title="bbox 1607 1415 1828 1475">
    <p class='ocr_par' dir='ltr' id='par_1_1' title="bbox 1607 1415 1828 1475">
     <span class='ocr_line' id='line_1_1' title="bbox 1607 1415 1828 1475; baseline -0.005 0"><span class='ocrx_word' id='word_1_1' title='bbox 1607 1415 1828 1475; x_wconf 73' lang='grc' dir='ltr'><strong>-ΒΕ</strong></span> 
     </span>
    </p>
   </div>
   <div class='ocr_carea' id='block_1_2' title="bbox 721 1579 2818 1718">
    <p class='ocr_par' dir='ltr' id='par_1_2' title="bbox 721 1579 2818 1718">
     <span class='ocr_line' id='line_1_2' title="bbox 721 1579 2818 1718; baseline -0.003 -22"><span class='ocrx_word' id='word_1_2' title='bbox 721 1582 1705 1697; x_wconf 77' lang='lat' dir='ltr'>HIPPODROMO</span> <span class='ocrx_word' id='word_1_3' title='bbox 1794 1579 2703 1697; x_wconf 78' lang='lat' dir='ltr'><strong>OLYMPIACO.</strong></span> <span class='ocrx_word' id='word_1_4' title='bbox 2720 1579 2818 1718; x_wconf 35' lang='grc' dir='ltr'><strong>ᾗ)</strong></span> 
     </span>
    </p>
   </div>
   <div class='ocr_carea' id='block_1_3' title="bbox 1577 1834 1971 1844">
    <p class='ocr_par' dir='ltr' id='par_1_3' title="bbox 1577 1834 1971 1844">
     <span class='ocr_line' id='line_1_3' title="bbox 1577 1834 1971 1844; baseline -0.003 -2"><span class='ocrx_word' id='word_1_5' title='bbox 1577 1834 1971 1844; x_wconf 59' lang='lat' dir='ltr'><strong><em>m</em></strong></span> 
     </span>
    </p>
   </div>
   <div class='ocr_carea' id='block_1_4' title="bbox 558 2008 2968 4268">
    <p class='ocr_par' dir='ltr' id='par_1_4' title="bbox 558 2008 2968 4268">
     <span class='ocr_line' id='line_1_4' title="bbox 653 2008 2894 2138; baseline -0.002 -24"><span class='ocrx_word' id='word_1_6' title='bbox 653 2008 744 2114; x_wconf 82' lang='grc' dir='ltr'><strong>Ρ</strong></span> <span class='ocrx_word' id='word_1_7' title='bbox 748 2040 1093 2112; x_wconf 85' lang='lat' dir='ltr'><strong>erdifficile</strong></span> <span class='ocrx_word' id='word_1_8' title='bbox 1148 2050 1253 2112; x_wconf 90' lang='lat' dir='ltr'><strong>est</strong></span> <span class='ocrx_word' id='word_1_9' title='bbox 1320 2064 1488 2138; x_wconf 87' lang='lat' dir='ltr'><strong>quae</strong></span> <span class='ocrx_word' id='word_1_10' title='bbox 1538 2042 1754 2114; x_wconf 78' lang='lat' dir='ltr'><strong>oeulis</strong></span> <span class='ocrx_word' id='word_1_11' title='bbox 1803 2048 2163 2114; x_wconf 86' lang='lat' dir='ltr'><strong>cernuntur</strong></span> <span class='ocrx_word' id='word_1_12' title='bbox 2215 2040 2314 2110; x_wconf 86' lang='lat' dir='ltr'><strong>ita</strong></span> <span class='ocrx_word' id='word_1_13' title='bbox 2362 2039 2581 2111; x_wconf 82' lang='lat' dir='ltr'><strong>verbis</strong></span> <span class='ocrx_word' id='word_1_14' title='bbox 2631 2036 2894 2111; x_wconf 87' lang='lat' dir='ltr'><strong>deseri-</strong></span> 
     </span>
     <span class='ocr_line' id='line_1_5' title="bbox 654 2142 2891 2240; baseline -0.002 -26"><span class='ocrx_word' id='word_1_15' title='bbox 654 2145 835 2234; x_wconf 84' lang='lat' dir='ltr'><strong>here,</strong></span> <span class='ocrx_word' id='word_1_16' title='bbox 892 2153 960 2214; x_wconf 89' lang='lat' dir='ltr'><strong>ut</strong></span> <span class='ocrx_word' id='word_1_17' title='bbox 1014 2143 1125 2239; x_wconf 88' lang='lat' dir='ltr'><strong>qui</strong></span> <span class='ocrx_word' id='word_1_18' title='bbox 1176 2166 1284 2214; x_wconf 89' lang='lat' dir='ltr'><strong>res</strong></span> <span class='ocrx_word' id='word_1_19' title='bbox 1336 2144 1518 2240; x_wconf 86' lang='lat' dir='ltr'><strong>ipsas</strong></span> <span class='ocrx_word' id='word_1_20' title='bbox 1569 2167 1701 2216; x_wconf 91' lang='lat' dir='ltr'><strong>non</strong></span> <span class='ocrx_word' id='word_1_21' title='bbox 1754 2143 2039 2215; x_wconf 84' lang='lat' dir='ltr'><strong>viderint</strong></span> <span class='ocrx_word' id='word_1_22' title='bbox 2071 2165 2285 2213; x_wconf 87' lang='lat' dir='ltr'><strong>veram</strong></span> <span class='ocrx_word' id='word_1_23' title='bbox 2332 2148 2552 2213; x_wconf 85' lang='lat' dir='ltr'><strong>earuni</strong></span> <span class='ocrx_word' id='word_1_24' title='bbox 2599 2142 2891 2237; x_wconf 85' lang='lat' dir='ltr'><strong>speciem</strong></span> 
     </span>
     <span class='ocr_line' id='line_1_6' title="bbox 656 2242 2891 2354; baseline -0.002 -38"><span class='ocrx_word' id='word_1_25' title='bbox 656 2254 869 2316; x_wconf 90' lang='lat' dir='ltr'><strong>mente</strong></span> <span class='ocrx_word' id='word_1_26' title='bbox 922 2246 1322 2354; x_wconf 85' lang='lat' dir='ltr'><strong>concipiant.</strong></span> <span class='ocrx_word' id='word_1_27' title='bbox 1423 2244 1605 2316; x_wconf 86' lang='lat' dir='ltr'><strong>Hine</strong></span> <span class='ocrx_word' id='word_1_28' title='bbox 1654 2246 1885 2336; x_wconf 83' lang='lat' dir='ltr'><strong>multa,</strong></span> <span class='ocrx_word' id='word_1_29' title='bbox 1941 2269 2107 2340; x_wconf 88' lang='lat' dir='ltr'><strong>quae</strong></span> <span class='ocrx_word' id='word_1_30' title='bbox 2161 2242 2243 2313; x_wconf 91' lang='lat' dir='ltr'><strong>de</strong></span> <span class='ocrx_word' id='word_1_31' title='bbox 2283 2242 2657 2315; x_wconf 87' lang='lat' dir='ltr'><strong>huiusmodi</strong></span> <span class='ocrx_word' id='word_1_32' title='bbox 2690 2242 2891 2313; x_wconf 85' lang='lat' dir='ltr'><strong>rebus</strong></span> 
     </span>
     <span class='ocr_line' id='line_1_7' title="bbox 655 2338 2893 2445; baseline -0.002 -27"><span class='ocrx_word' id='word_1_33' title='bbox 655 2345 831 2445; x_wconf 84' lang='lat' dir='ltr'><strong>apud</strong></span> <span class='ocrx_word' id='word_1_34' title='bbox 881 2338 1185 2442; x_wconf 75' lang='lat' dir='ltr'><strong>antiquos</strong></span> <span class='ocrx_word' id='word_1_35' title='bbox 1237 2347 1599 2443; x_wconf 82' lang='lat' dir='ltr'><strong>scriptores</strong></span> <span class='ocrx_word' id='word_1_36' title='bbox 1654 2356 2010 2418; x_wconf 85' lang='lat' dir='ltr'><strong>memorata</strong></span> <span class='ocrx_word' id='word_1_37' title='bbox 2045 2346 2352 2441; x_wconf 80' lang='lat' dir='ltr'><strong>legimus,</strong></span> <span class='ocrx_word' id='word_1_38' title='bbox 2406 2352 2536 2416; x_wconf 88' lang='lat' dir='ltr'><strong>tam</strong></span> <span class='ocrx_word' id='word_1_39' title='bbox 2573 2353 2729 2416; x_wconf 89' lang='lat' dir='ltr'><strong>sunt</strong></span> <span class='ocrx_word' id='word_1_40' title='bbox 2764 2344 2893 2414; x_wconf 82' lang='lat' dir='ltr'><strong>du-</strong></span> 
     </span>
     <span class='ocr_line' id='line_1_8' title="bbox 655 2446 2888 2544; baseline -0.001 -26"><span class='ocrx_word' id='word_1_41' title='bbox 655 2448 788 2539; x_wconf 85' lang='lat' dir='ltr'><strong>bia,</strong></span> <span class='ocrx_word' id='word_1_42' title='bbox 840 2455 914 2519; x_wconf 86' lang='lat' dir='ltr'><strong>ut</strong></span> <span class='ocrx_word' id='word_1_43' title='bbox 966 2449 1078 2544; x_wconf 90' lang='lat' dir='ltr'><strong>qui</strong></span> <span class='ocrx_word' id='word_1_44' title='bbox 1129 2471 1208 2519; x_wconf 87' lang='lat' dir='ltr'><strong>ea</strong></span> <span class='ocrx_word' id='word_1_45' title='bbox 1260 2448 1590 2544; x_wconf 83' lang='lat' dir='ltr'><strong>pingendo</strong></span> <span class='ocrx_word' id='word_1_46' title='bbox 1635 2449 1991 2521; x_wconf 86' lang='lat' dir='ltr'><strong>informare</strong></span> <span class='ocrx_word' id='word_1_47' title='bbox 2037 2446 2257 2519; x_wconf 87' lang='lat' dir='ltr'><strong>conati</strong></span> <span class='ocrx_word' id='word_1_48' title='bbox 2301 2454 2477 2535; x_wconf 85' lang='lat' dir='ltr'><strong>sunt,</strong></span> <span class='ocrx_word' id='word_1_49' title='bbox 2533 2470 2661 2517; x_wconf 90' lang='lat' dir='ltr'><strong>non</strong></span> <span class='ocrx_word' id='word_1_50' title='bbox 2693 2446 2888 2516; x_wconf 88' lang='lat' dir='ltr'><strong>modo</strong></span> 
     </span>
     <span class='ocr_line' id='line_1_9' title="bbox 655 2546 2893 2646; baseline -0.001 -26"><span class='ocrx_word' id='word_1_51' title='bbox 655 2573 852 2646; x_wconf 82' lang='lat' dir='ltr'><strong>saepe</strong></span> <span class='ocrx_word' id='word_1_52' title='bbox 903 2550 972 2620; x_wconf 95' lang='lat' dir='ltr'><strong>in</strong></span> <span class='ocrx_word' id='word_1_53' title='bbox 1025 2550 1472 2620; x_wconf 87' lang='lat' dir='ltr'><strong>diversissima</strong></span> <span class='ocrx_word' id='word_1_54' title='bbox 1514 2550 1821 2637; x_wconf 86' lang='lat' dir='ltr'><strong>abierint,</strong></span> <span class='ocrx_word' id='word_1_55' title='bbox 1879 2573 2097 2620; x_wconf 85' lang='lat' dir='ltr'><strong>verum</strong></span> <span class='ocrx_word' id='word_1_56' title='bbox 2135 2546 2488 2642; x_wconf 84' lang='lat' dir='ltr'><strong>aliquando</strong></span> <span class='ocrx_word' id='word_1_57' title='bbox 2524 2549 2722 2617; x_wconf 88' lang='lat' dir='ltr'><strong>etiam</strong></span> <span class='ocrx_word' id='word_1_58' title='bbox 2757 2547 2893 2618; x_wconf 80' lang='lat' dir='ltr'><strong>fin·-</strong></span> 
     </span>
     <span class='ocr_line' id='line_1_10' title="bbox 658 2648 2893 2744; baseline -0 -24"><span class='ocrx_word' id='word_1_59' title='bbox 658 2652 879 2721; x_wconf 81' lang='lat' dir='ltr'><strong>xerint</strong></span> <span class='ocrx_word' id='word_1_60' title='bbox 929 2658 1201 2720; x_wconf 87' lang='lat' dir='ltr'><strong>naturae</strong></span> <span class='ocrx_word' id='word_1_61' title='bbox 1254 2675 1472 2721; x_wconf 90' lang='lat' dir='ltr'><strong>rerum</strong></span> <span class='ocrx_word' id='word_1_62' title='bbox 1523 2653 1879 2721; x_wconf 89' lang='lat' dir='ltr'><strong>contraria.</strong></span> <span class='ocrx_word' id='word_1_63' title='bbox 1980 2648 2150 2721; x_wconf 85' lang='lat' dir='ltr'><strong>Nam</strong></span> <span class='ocrx_word' id='word_1_64' title='bbox 2193 2650 2263 2720; x_wconf 89' lang='lat' dir='ltr'><strong>in</strong></span> <span class='ocrx_word' id='word_1_65' title='bbox 2308 2649 2437 2719; x_wconf 87' lang='lat' dir='ltr'><strong>hoc</strong></span> <span class='ocrx_word' id='word_1_66' title='bbox 2472 2673 2730 2744; x_wconf 88' lang='lat' dir='ltr'><strong>quoque</strong></span> <span class='ocrx_word' id='word_1_67' title='bbox 2765 2673 2893 2741; x_wconf 75' lang='lat' dir='ltr'><strong>ge-</strong></span> 
     </span>
     <span class='ocr_line' id='line_1_11' title="bbox 653 2750 2891 2848; baseline 0 -27"><span class='ocrx_word' id='word_1_68' title='bbox 653 2775 812 2822; x_wconf 87' lang='lat' dir='ltr'><strong>nere</strong></span> <span class='ocrx_word' id='word_1_69' title='bbox 866 2750 1181 2844; x_wconf 87' lang='lat' dir='ltr'><strong>quaedam·</strong></span> <span class='ocrx_word' id='word_1_70' title='bbox 1229 2751 1689 2842; x_wconf 83' lang='lat' dir='ltr'><strong>inveniuntur,</strong></span> <span class='ocrx_word' id='word_1_71' title='bbox 1756 2775 1921 2847; x_wconf 87' lang='lat' dir='ltr'><strong>quae</strong></span> <span class='ocrx_word' id='word_1_72' title='bbox 1975 2751 2267 2848; x_wconf 88' lang='lat' dir='ltr'><strong>quamvis</strong></span> <span class='ocrx_word' id='word_1_73' title='bbox 2318 2751 2500 2846; x_wconf 88' lang='lat' dir='ltr'><strong>picta</strong></span> <span class='ocrx_word' id='word_1_74' title='bbox 2550 2760 2770 2846; x_wconf 84' lang='lat' dir='ltr'><strong>aptam</strong></span> <span class='ocrx_word' id='word_1_75' title='bbox 2821 2759 2891 2821; x_wconf 90' lang='lat' dir='ltr'><strong>et</strong></span> 
     </span>
     <span class='ocr_line' id='line_1_12' title="bbox 654 2850 2892 2968; baseline -0 -45"><span class='ocrx_word' id='word_1_76' title='bbox 654 2852 958 2968; x_wconf 69' lang='lat' dir='ltr'><strong>pulcram</strong></span> <span class='ocrx_word' id='word_1_77' title='bbox 1003 2850 1289 2946; x_wconf 90' lang='lat' dir='ltr'><strong>speciem</strong></span> <span class='ocrx_word' id='word_1_78' title='bbox 1339 2851 1735 2946; x_wconf 85' lang='lat' dir='ltr'><strong>praebeant,</strong></span> <span class='ocrx_word' id='word_1_79' title='bbox 1811 2861 2068 2942; x_wconf 89' lang='lat' dir='ltr'><strong>tamen,</strong></span> <span class='ocrx_word' id='word_1_80' title='bbox 2142 2853 2231 2933; x_wconf 90' lang='lat' dir='ltr'><strong>si</strong></span> <span class='ocrx_word' id='word_1_81' title='bbox 2266 2851 2442 2924; x_wconf 87' lang='lat' dir='ltr'><strong>sacto</strong></span> <span class='ocrx_word' id='word_1_82' title='bbox 2495 2874 2892 2948; x_wconf 88' lang='lat' dir='ltr'><strong>repraesen-</strong></span> 
     </span>
     <span class='ocr_line' id='line_1_13' title="bbox 655 2950 2891 3051; baseline 0.001 -29"><span class='ocrx_word' id='word_1_83' title='bbox 655 2950 853 3023; x_wconf 87' lang='lat' dir='ltr'><strong>tanda</strong></span> <span class='ocrx_word' id='word_1_84' title='bbox 904 2951 1061 3042; x_wconf 84' lang='lat' dir='ltr'><strong>sint,</strong></span> <span class='ocrx_word' id='word_1_85' title='bbox 1087 2974 1283 3021; x_wconf 86' lang='lat' dir='ltr'><strong>vana</strong></span> <span class='ocrx_word' id='word_1_86' title='bbox 1333 2953 1928 3048; x_wconf 84' lang='lat' dir='ltr'><strong>deprehendantur.</strong></span> <span class='ocrx_word' id='word_1_87' title='bbox 2031 2952 2307 3051; x_wconf 82' lang='lat' dir='ltr'><strong>Insigne</strong></span> <span class='ocrx_word' id='word_1_88' title='bbox 2359 2955 2734 3050; x_wconf 79' lang='lat' dir='ltr'><strong>exemplum</strong></span> <span class='ocrx_word' id='word_1_89' title='bbox 2788 2961 2891 3025; x_wconf 85' lang='lat' dir='ltr'><strong>est</strong></span> 
     </span>
     <span class='ocr_line' id='line_1_14' title="bbox 656 3003 2888 3153; baseline 0 -28"><span class='ocrx_word' id='word_1_90' title='bbox 656 3003 1125 3150; x_wconf 82' lang='lat' dir='ltr'><strong>hippodromus</strong></span> <span class='ocrx_word' id='word_1_91' title='bbox 1178 3052 1676 3149; x_wconf 76' lang='lat' dir='ltr'><strong>OlympiaeuS‚</strong></span> <span class='ocrx_word' id='word_1_92' title='bbox 1671 3055 1758 3127; x_wconf 94' lang='lat' dir='ltr'><strong>in</strong></span> <span class='ocrx_word' id='word_1_93' title='bbox 1811 3080 1940 3153; x_wconf 85' lang='lat' dir='ltr'><strong>quo</strong></span> <span class='ocrx_word' id='word_1_94' title='bbox 1994 3056 2106 3153; x_wconf 88' lang='lat' dir='ltr'><strong>qui</strong></span> <span class='ocrx_word' id='word_1_95' title='bbox 2156 3080 2197 3126; x_wconf 91' lang='lat' dir='ltr'><strong>a</strong></span> <span class='ocrx_word' id='word_1_96' title='bbox 2234 3053 2512 3126; x_wconf 86' lang='lat' dir='ltr'><strong>Cleoeta</strong></span> <span class='ocrx_word' id='word_1_97' title='bbox 2562 3055 2888 3127; x_wconf 83' lang='lat' dir='ltr'><strong>exstructi</strong></span> 
     </span>
     <span class='ocr_line' id='line_1_15' title="bbox 654 3156 2893 3252; baseline 0 -27"><span class='ocrx_word' id='word_1_98' title='bbox 654 3156 920 3227; x_wconf 86' lang='lat' dir='ltr'><strong>fuerunt</strong></span> <span class='ocrx_word' id='word_1_99' title='bbox 971 3178 1299 3247; x_wconf 60' lang='lat' dir='ltr'><strong>carcerm,</strong></span> <span class='ocrx_word' id='word_1_100' title='bbox 1355 3181 1552 3252; x_wconf 88' lang='lat' dir='ltr'><strong>quum</strong></span> <span class='ocrx_word' id='word_1_101' title='bbox 1604 3181 1645 3227; x_wconf 91' lang='lat' dir='ltr'><strong>a</strong></span> <span class='ocrx_word' id='word_1_102' title='bbox 1673 3156 2010 3229; x_wconf 83' lang='lat' dir='ltr'><strong>Pausania</strong></span> <span class='ocrx_word' id='word_1_103' title='bbox 2060 3158 2223 3229; x_wconf 90' lang='lat' dir='ltr'><strong>satis</strong></span> <span class='ocrx_word' id='word_1_104' title='bbox 2275 3163 2580 3228; x_wconf 84' lang='lat' dir='ltr'><strong>accurate</strong></span> <span class='ocrx_word' id='word_1_105' title='bbox 2634 3156 2893 3229; x_wconf 86' lang='lat' dir='ltr'><strong>deseri-</strong></span> 
     </span>
     <span class='ocr_line' id='line_1_16' title="bbox 656 3256 2893 3354; baseline 0 -25"><span class='ocrx_word' id='word_1_106' title='bbox 656 3257 756 3354; x_wconf 88' lang='lat' dir='ltr'><strong>pti</strong></span> <span class='ocrx_word' id='word_1_107' title='bbox 807 3256 1210 3348; x_wconf 84' lang='lat' dir='ltr'><strong>viderentur,</strong></span> <span class='ocrx_word' id='word_1_108' title='bbox 1264 3267 1484 3329; x_wconf 91' lang='lat' dir='ltr'><strong>tamen</strong></span> <span class='ocrx_word' id='word_1_109' title='bbox 1533 3260 1765 3331; x_wconf 90' lang='lat' dir='ltr'><strong>miram</strong></span> <span class='ocrx_word' id='word_1_110' title='bbox 1816 3260 2189 3332; x_wconf 81' lang='lat' dir='ltr'><strong>excitarunt</strong></span> <span class='ocrx_word' id='word_1_111' title='bbox 2239 3258 2715 3329; x_wconf 78' lang='lat' dir='ltr'><strong>dissensionem</strong></span> <span class='ocrx_word' id='word_1_112' title='bbox 2768 3257 2893 3330; x_wconf 84' lang='lat' dir='ltr'><strong>do-</strong></span> 
     </span>
     <span class='ocr_line' id='line_1_17' title="bbox 659 3359 2888 3454; baseline 0 -24"><span class='ocrx_word' id='word_1_113' title='bbox 659 3367 955 3449; x_wconf 82' lang='lat' dir='ltr'><strong>ctorum,</strong></span> <span class='ocrx_word' id='word_1_114' title='bbox 1021 3383 1295 3454; x_wconf 87' lang='lat' dir='ltr'><strong>quorum</strong></span> <span class='ocrx_word' id='word_1_115' title='bbox 1346 3359 1462 3429; x_wconf 91' lang='lat' dir='ltr'><strong>alii</strong></span> <span class='ocrx_word' id='word_1_116' title='bbox 1514 3383 1631 3431; x_wconf 92' lang='lat' dir='ltr'><strong>eos</strong></span> <span class='ocrx_word' id='word_1_117' title='bbox 1684 3362 1916 3453; x_wconf 81' lang='lat' dir='ltr'><strong>aliter,</strong></span> <span class='ocrx_word' id='word_1_118' title='bbox 1983 3384 2064 3433; x_wconf 87' lang='lat' dir='ltr'><strong>ae</strong></span> <span class='ocrx_word' id='word_1_119' title='bbox 2113 3361 2252 3432; x_wconf 87' lang='lat' dir='ltr'><strong>fere</strong></span> <span class='ocrx_word' id='word_1_120' title='bbox 2302 3360 2398 3431; x_wconf 92' lang='lat' dir='ltr'><strong>ita</strong></span> <span class='ocrx_word' id='word_1_121' title='bbox 2450 3359 2888 3447; x_wconf 83' lang='lat' dir='ltr'><strong>delinearunt,</strong></span> 
     </span>
     <span class='ocr_line' id='line_1_18' title="bbox 658 3458 2891 3555; baseline 0 -25"><span class='ocrx_word' id='word_1_122' title='bbox 658 3468 733 3531; x_wconf 89' lang='lat' dir='ltr'><strong>ut</strong></span> <span class='ocrx_word' id='word_1_123' title='bbox 782 3460 932 3555; x_wconf 86' lang='lat' dir='ltr'><strong>ipsa</strong></span> <span class='ocrx_word' id='word_1_124' title='bbox 980 3462 1080 3530; x_wconf 88' lang='lat' dir='ltr'><strong>rei</strong></span> <span class='ocrx_word' id='word_1_125' title='bbox 1132 3461 1302 3532; x_wconf 88' lang='lat' dir='ltr'><strong>ratio</strong></span> <span class='ocrx_word' id='word_1_126' title='bbox 1355 3484 1437 3532; x_wconf 85' lang='lat' dir='ltr'><strong>ea</strong></span> <span class='ocrx_word' id='word_1_127' title='bbox 1485 3461 1885 3534; x_wconf 86' lang='lat' dir='ltr'><strong>lineamenta</strong></span> <span class='ocrx_word' id='word_1_128' title='bbox 1933 3461 2103 3533; x_wconf 81' lang='lat' dir='ltr'><strong>salsa</strong></span> <span class='ocrx_word' id='word_1_129' title='bbox 2152 3484 2299 3533; x_wconf 88' lang='lat' dir='ltr'><strong>esse</strong></span> <span class='ocrx_word' id='word_1_130' title='bbox 2353 3459 2685 3533; x_wconf 87' lang='lat' dir='ltr'><strong>ostendat.</strong></span> <span class='ocrx_word' id='word_1_131' title='bbox 2809 3458 2891 3530; x_wconf 93' lang='lat' dir='ltr'><strong>Id</strong></span> 
     </span>
     <span class='ocr_line' id='line_1_19' title="bbox 558 3560 2891 3659; baseline 0.001 -28"><span class='ocrx_word' id='word_1_132' title='bbox 558 3632 571 3641; x_wconf 58' lang='grc'>,</span> <span class='ocrx_word' id='word_1_133' title='bbox 664 3561 877 3657; x_wconf 88' lang='lat' dir='ltr'><strong>quoad</strong></span> <span class='ocrx_word' id='word_1_134' title='bbox 930 3560 1079 3632; x_wconf 89' lang='lat' dir='ltr'><strong>fieri</strong></span> <span class='ocrx_word' id='word_1_135' title='bbox 1129 3563 1414 3658; x_wconf 78' lang='lat' dir='ltr'><strong>poterit,</strong></span> <span class='ocrx_word' id='word_1_136' title='bbox 1482 3563 1751 3659; x_wconf 88' lang='lat' dir='ltr'><strong>planum</strong></span> <span class='ocrx_word' id='word_1_137' title='bbox 1816 3564 2035 3635; x_wconf 86' lang='lat' dir='ltr'><strong>facere</strong></span> <span class='ocrx_word' id='word_1_138' title='bbox 2103 3562 2406 3636; x_wconf 86' lang='lat' dir='ltr'><strong>studebo.</strong></span> <span class='ocrx_word' id='word_1_139' title='bbox 2508 3560 2891 3634; x_wconf 82' lang='lat' dir='ltr'><strong>Nominavit</strong></span> 
     </span>
     <span class='ocr_line' id='line_1_20' title="bbox 664 3661 2889 3761; baseline 0.001 -29"><span class='ocrx_word' id='word_1_140' title='bbox 664 3687 806 3753; x_wconf 75' lang='lat' dir='ltr'><strong>eoS‚</strong></span> <span class='ocrx_word' id='word_1_141' title='bbox 862 3663 974 3757; x_wconf 77' lang='lat' dir='ltr'><strong>qui</strong></span> <span class='ocrx_word' id='word_1_142' title='bbox 1026 3661 1106 3733; x_wconf 92' lang='lat' dir='ltr'><strong>de</strong></span> <span class='ocrx_word' id='word_1_143' title='bbox 1159 3663 1288 3735; x_wconf 89' lang='lat' dir='ltr'><strong>hoe</strong></span> <span class='ocrx_word' id='word_1_144' title='bbox 1337 3664 1771 3760; x_wconf 85' lang='lat' dir='ltr'><strong>hippodromo</strong></span> <span class='ocrx_word' id='word_1_145' title='bbox 1826 3664 2275 3736; x_wconf 81' lang='lat' dir='ltr'><strong>disseruerunt</strong></span> <span class='ocrx_word' id='word_1_146' title='bbox 2307 3663 2773 3761; x_wconf 81' lang='lat' dir='ltr'><strong>Rathgeberus</strong></span> <span class='ocrx_word' id='word_1_147' title='bbox 2821 3664 2889 3735; x_wconf 91' lang='lat' dir='ltr'><strong>in</strong></span> 
     </span>
     <span class='ocr_line' id='line_1_21' title="bbox 662 3761 2889 3862; baseline 0.001 -30"><span class='ocrx_word' id='word_1_148' title='bbox 662 3761 1236 3859; x_wconf 83' lang='lat' dir='ltr'><strong>Eneyelopaediae</strong></span> <span class='ocrx_word' id='word_1_149' title='bbox 1301 3764 1695 3839; x_wconf 83' lang='lat' dir='ltr'><strong>universalis</strong></span> <span class='ocrx_word' id='word_1_150' title='bbox 1761 3774 1929 3838; x_wconf 88' lang='lat' dir='ltr'><strong>sect.</strong></span> <span class='ocrx_word' id='word_1_151' title='bbox 1980 3763 2123 3836; x_wconf 90' lang='lat' dir='ltr'><strong>III.</strong></span> <span class='ocrx_word' id='word_1_152' title='bbox 2190 3766 2327 3839; x_wconf 87' lang='lat' dir='ltr'><strong>vol.</strong></span> <span class='ocrx_word' id='word_1_153' title='bbox 2379 3764 2524 3837; x_wconf 90' lang='lat' dir='ltr'><strong>III.</strong></span> <span class='ocrx_word' id='word_1_154' title='bbox 2588 3789 2660 3862; x_wconf 91' lang='lat' dir='ltr'><strong>p.</strong></span> <span class='ocrx_word' id='word_1_155' title='bbox 2720 3767 2889 3840; x_wconf 85' lang='lat'><strong>124.</strong></span> 
     </span>
     <span class='ocr_line' id='line_1_22' title="bbox 665 3863 2888 3963; baseline 0.001 -28"><span class='ocrx_word' id='word_1_156' title='bbox 665 3888 809 3958; x_wconf 87' lang='lat' dir='ltr'><strong>seq.</strong></span> <span class='ocrx_word' id='word_1_157' title='bbox 926 3863 1400 3963; x_wconf 88' lang='lat' dir='ltr'><strong>Discrepantia</strong></span> <span class='ocrx_word' id='word_1_158' title='bbox 1461 3866 1637 3938; x_wconf 90' lang='lat' dir='ltr'><strong>inter</strong></span> <span class='ocrx_word' id='word_1_159' title='bbox 1686 3891 1759 3939; x_wconf 90' lang='lat' dir='ltr'><strong>se</strong></span> <span class='ocrx_word' id='word_1_160' title='bbox 1810 3869 2246 3960; x_wconf 87' lang='lat' dir='ltr'><strong>lineamenta,</strong></span> <span class='ocrx_word' id='word_1_161' title='bbox 2314 3868 2479 3962; x_wconf 85' lang='lat' dir='ltr'><strong>quae</strong></span> <span class='ocrx_word' id='word_1_162' title='bbox 2530 3864 2888 3954; x_wconf 88' lang='lat' dir='ltr'><strong>Folardus,</strong></span> 
     </span>
     <span class='ocr_line' id='line_1_23' title="bbox 664 3964 2892 4060; baseline 0.001 -24"><span class='ocrx_word' id='word_1_163' title='bbox 664 3964 925 4036; x_wconf 88' lang='lat' dir='ltr'><strong>Ennius</strong></span> <span class='ocrx_word' id='word_1_164' title='bbox 976 3967 1293 4057; x_wconf 77' lang='lat' dir='ltr'><strong>Quirinus</strong></span> <span class='ocrx_word' id='word_1_165' title='bbox 1327 3966 1748 4060; x_wconf 83' lang='lat' dir='ltr'><strong>Viseontius‚</strong></span> <span class='ocrx_word' id='word_1_166' title='bbox 1799 3968 2186 4041; x_wconf 83' lang='lat' dir='ltr'><strong>Alexander</strong></span> <span class='ocrx_word' id='word_1_167' title='bbox 2237 3968 2318 4040; x_wconf 92' lang='lat' dir='ltr'><strong>de</strong></span> <span class='ocrx_word' id='word_1_168' title='bbox 2370 3966 2483 4039; x_wconf 90' lang='lat' dir='ltr'><strong>La</strong></span> <span class='ocrx_word' id='word_1_169' title='bbox 2510 3968 2737 4039; x_wconf 91' lang='lat' dir='ltr'><strong>Borde</strong></span> <span class='ocrx_word' id='word_1_170' title='bbox 2788 3968 2892 4039; x_wconf 88' lang='lat' dir='ltr'><strong>fe-</strong></span> 
     </span>
     <span class='ocr_line' id='line_1_24' title="bbox 666 4067 2890 4167; baseline 0 -29"><span class='ocrx_word' id='word_1_171' title='bbox 666 4074 923 4157; x_wconf 86' lang='lat' dir='ltr'><strong>cerunt,</strong></span> <span class='ocrx_word' id='word_1_172' title='bbox 975 4090 1104 4138; x_wconf 88' lang='lat' dir='ltr'><strong>nna</strong></span> <span class='ocrx_word' id='word_1_173' title='bbox 1155 4092 1300 4141; x_wconf 86' lang='lat' dir='ltr'><strong>oum</strong></span> <span class='ocrx_word' id='word_1_174' title='bbox 1353 4092 1512 4141; x_wconf 85' lang='lat' dir='ltr'><strong>suae</strong></span> <span class='ocrx_word' id='word_1_175' title='bbox 1565 4071 1895 4167; x_wconf 89' lang='lat' dir='ltr'><strong>opinionis</strong></span> <span class='ocrx_word' id='word_1_176' title='bbox 1948 4071 2440 4142; x_wconf 85' lang='lat' dir='ltr'><strong>adumbratione</strong></span> <span class='ocrx_word' id='word_1_177' title='bbox 2470 4069 2653 4141; x_wconf 87' lang='lat' dir='ltr'><strong>dedit</strong></span> <span class='ocrx_word' id='word_1_178' title='bbox 2679 4067 2890 4140; x_wconf 85' lang='lat' dir='ltr'><strong>Choi-</strong></span> 
     </span>
     <span class='ocr_line' id='line_1_25' title="bbox 666 4118 2968 4268; baseline 0 -30"><span class='ocrx_word' id='word_1_179' title='bbox 666 4169 812 4239; x_wconf 88' lang='lat' dir='ltr'><strong>seul</strong></span> <span class='ocrx_word' id='word_1_180' title='bbox 879 4118 1189 4241; x_wconf 59' lang='lat' dir='ltr'><strong>(⁹3⁴ronffier</strong></span> <span class='ocrx_word' id='word_1_181' title='bbox 1263 4171 1332 4242; x_wconf 92' lang='lat' dir='ltr'><strong>in</strong></span> <span class='ocrx_word' id='word_1_182' title='bbox 1415 4169 2089 4246; x_wconf 85' lang='lat' dir='ltr'><strong>Commentationibus</strong></span> <span class='ocrx_word' id='word_1_183' title='bbox 2167 4172 2428 4268; x_wconf 85' lang='lat' dir='ltr'><strong>Regiae</strong></span> <span class='ocrx_word' id='word_1_184' title='bbox 2491 4169 2889 4244; x_wconf 74' lang='lat' dir='ltr'><strong>Academiae</strong></span> <span class='ocrx_word' id='word_1_185' title='bbox 2959 4224 2968 4228; x_wconf 80' lang='grc'><strong>-</strong></span> 
     </span>
    </p>
   </div>
   <div class='ocr_carea' id='block_1_5' title="bbox 842 4420 1557 4502">
    <p class='ocr_par' dir='ltr' id='par_1_5' title="bbox 842 4420 1557 4502">
     <span class='ocr_line' id='line_1_26' title="bbox 842 4420 1557 4502; baseline 0.007 -21"><span class='ocrx_word' id='word_1_186' title='bbox 842 4420 901 4502; x_wconf 70' lang='grc'><strong>1“’)</strong></span> <span class='ocrx_word' id='word_1_187' title='bbox 954 4421 1114 4482; x_wconf 77' lang='lat' dir='ltr'><strong>Edita</strong></span> <span class='ocrx_word' id='word_1_188' title='bbox 1155 4434 1236 4482; x_wconf 79' lang='lat' dir='ltr'><strong>est</strong></span> <span class='ocrx_word' id='word_1_189' title='bbox 1277 4444 1328 4483; x_wconf 84' lang='lat' dir='ltr'><strong>a.</strong></span> <span class='ocrx_word' id='word_1_190' title='bbox 1376 4424 1557 4486; x_wconf 81' lang='lat'><strong>1839.</strong></span> 
     </span>
    </p>
   </div>
   <div class='ocr_carea' id='block_1_6' title="bbox 3164 936 3167 1536">
    <p class='ocr_par' dir='ltr' id='par_1_6' title="bbox 3164 936 3167 1536">
     <span class='ocr_line' id='line_1_27' title="bbox 3164 936 3167 1536; baseline 0 0"><span class='ocrx_word' id='word_1_191' title='bbox 3164 936 3167 1536; x_wconf 95' lang='lat' dir='ltr'><strong> </strong></span> 
     </span>
    </p>
   </div>
   <div class='ocr_carea' id='block_1_7' title="bbox 3165 1973 3166 2475">
    <p class='ocr_par' dir='ltr' id='par_1_7' title="bbox 3165 1973 3166 2475">
     <span class='ocr_line' id='line_1_28' title="bbox 3165 1973 3166 2475; baseline 0 0"><span class='ocrx_word' id='word_1_192' title='bbox 3165 1973 3166 2475; x_wconf 95' lang='lat' dir='ltr'><strong> </strong></span> 
     </span>
    </p>
   </div>
  </div>
 </body>
</html>
