3192 4992
617 345 748 412 412
873 340 1267 410 mvn-um
1306 346 1411 408 An
1436 308 2150 410 mAUmJRA'non
2187 346 2590 411 Anuns‘rm.

616 538 785 612 quas
846 513 1341 588 accuratissime
1418 520 1717 605 teneret,
1809 515 1877 588 ei
1935 512 2624 587 convenientissimum
2702 522 2846 591 erat

576 612 583 627 '
616 616 942 689 eiusmodi
990 623 1464 690 monumentem
1482 668 1508 707 ,
1558 615 1737 711 quod
1785 616 1858 688 in
1906 624 2295 714 perpetuum
2345 617 2635 713 posteris
2681 642 2847 714 pro·

615 718 1000 814 pensionem
1062 718 1207 790 eius
1268 718 1352 789 ad
1424 742 1505 790 ea
1565 725 1965 810 testaretur,
2037 742 2207 814 quac
2257 717 2434 813 quod
2484 718 2569 789 ad
2620 719 2844 791 erudi-

615 820 862 891 tionem
932 828 1002 892 et
1071 819 1458 916 sapientiam
1537 818 1824 913 ducunt,
1903 820 2249 916 potissima
2321 819 2574 891 bomini
2645 829 2840 916 atquo

615 921 900 993 omnium
963 922 1178 1019 prima
1242 944 1391 993 esse
1454 920 1725 993 debent.
1839 920 2052 994 Nobis
2115 930 2331 993 autem
2395 921 2567 1007 nibil
2624 922 2840 1018 potuit

615 1022 1003 1119 contingere
1055 1022 1387 1119 optatius,
1466 1045 1659 1118 quam
1708 1030 1787 1095 ut
1833 1047 2100 1120 regem,
2171 1022 2285 1119 qui
2330 1021 2506 1095 hano
2555 1021 2837 1096 Univer-

456 1198 465 1205 ,
614 1123 877 1197 uitatem
928 1133 1221 1197 nostram
1270 1132 1455 1198 tanta
1504 1125 1960 1197 benevolentia
2008 1125 2353 1222 amplexus
2403 1132 2626 1215 esset,
2690 1133 2836 1197 tan-

614 1232 812 1322 taque
871 1225 1272 1298 liberalitate
1337 1225 1738 1320 adiuvisset,
1814 1234 1891 1299 ut
1950 1227 2188 1323 ingens
2250 1224 2443 1298 nobis
2507 1227 2615 1298 sui
2677 1220 2839 1298 reli-

614 1327 835 1422 querit
896 1326 1291 1400 desiderium
1308 1379 1334 1420 ,
1406 1328 1605 1400 etiam
1668 1335 1824 1424 post
1878 1335 2151 1401 mortem
2203 1335 2531 1424 tamquam
2581 1328 2841 1424 praesi-

613 1427 793 1501 dium
842 1435 1138 1501 nostrum
1187 1429 1411 1502 colere
1460 1452 1541 1502 ac
1589 1430 1892 1502 venerari
1939 1453 2309 1526 possemus.
2422 1427 2594 1501 Nam
2646 1450 2840 1525 quum
2889 1509 2894 1515 ¹

612 1529 776 1601 belli
844 1538 1141 1628 tempore
1209 1532 1458 1628 templa
1534 1532 1798 1628 aliaque
1864 1531 2133 1629 publiea
2201 1529 2505 1611 aedificia
2581 1531 2839 1628 repleta

611 1638 840 1704 essent
915 1633 1259 1706 vulnerato
1331 1640 1528 1729 atque
1608 1656 1811 1729 aegro
1880 1634 2093 1706 milite
2106 1683 2131 1724 ,
2223 1633 2425 1704 etiam
2499 1656 2840 1705 commune

609 1731 1084 1806 univcrsitatis
1162 1734 1555 1807 auditorium
1568 1785 1596 1828 ,
1679 1734 1856 1831 quod
1930 1734 2236 1806 maximis
2312 1733 2837 1806 solemnitatibus

611 1833 1024 1906 celebrandis
1071 1834 1509 1927 inserviebat,
1570 1836 1836 1909 saucios
1885 1859 1967 1909 ac
2017 1836 2261 1908 morbis
2310 1835 2598 1908 afflictos
2645 1858 2840 1907 rece·-

608 1934 737 2032 pit,
772 1958 1118 2032 aquumque
1167 1936 1318 2034 ipso
1369 1937 1503 2008 situ
1552 1962 1674 2010 suo
1728 1962 1860 2010 nou
1908 1945 2089 2010 esset
2137 1936 2676 2029 saluberrimum,
2739 1937 2839 2011 ita

611 2035 1018 2109 sordidatum
1081 2060 1164 2111 ac
1225 2037 1558 2111 foedatum
1618 2038 1811 2110 nobis
1874 2038 2203 2111 redditum
2254 2045 2396 2129 est,
2468 2047 2545 2111 ut
2594 2038 2678 2110 de
2723 2061 2841 2110 re·-

514 2127 1018 2211 lsss‘tauratione
1080 2163 1166 2211 ne
1230 2139 1515 2237 cogitari
1579 2138 1841 2237 quidem
1904 2140 2223 2237 potuerit.
2343 2138 2455 2212 Ita
2515 2140 2837 2236 pristinae
2893 2146 2910 2152 '

604 2240 765 2312 illae
817 2241 1269 2314 solemnitates
1317 2241 1556 2338 partim
1605 2241 2020 2314 intermissae
2070 2249 2250 2333 sunt,
2300 2241 2540 2338 partim
2589 2241 2662 2314 iu
2710 2265 2836 2312 au·-

600 2341 887 2415 ditorio²
913 2341 1233 2416 ICtorum
1250 2393 1277 2434 ,
1365 2341 1645 2416 Ordinis
1713 2343 1897 2415 illius
1964 2341 2387 2440 indulgentia
2443 2350 2641 2438 atque
2703 2342 2837 2414 liu-

603 2444 916 2519 inanitate
932 2495 959 2536 ,
1037 2443 1332 2542 bospitio
1395 2452 1743 2542 exceptae.
1856 2443 2080 2541 Igitur
2144 2469 2339 2541 quum
2390 2444 2577 2516 curia
2626 2444 2839 2517 desti-

599 2546 734 2617 tuti
797 2569 1130 2639 essemus,
1202 2546 1275 2619 iu
1338 2570 1469 2642 qua
1527 2546 1805 2620 honeste
1871 2547 2223 2620 convenire
2287 2546 2599 2619 universa
2646 2544 2836 2619 Aca-

604 2645 821 2718 demia
879 2655 1152 2744 posset,
1233 2671 1558 2744 quumque
1635 2655 1985 2745 praeterea
2048 2648 2523 2722 auditoriorum
2591 2664 2834 2745 magna
2945 2679 2955 2692 ·

600 2754 787 2819 esset
849 2748 1164 2843 penuria,
1250 2750 1520 2821 summis
1595 2748 1902 2821 laudibus
1980 2750 2365 2846 praedicare
2443 2774 2567 2822 uos
2638 2750 2834 2823 decet

465 2840 477 2847 ⁸
602 2844 932 2920 Ordinum
983 2846 1325 2922 saxoniae
1372 2848 1925 2943 munificentiam,
1993 2876 2164 2948 quae
2226 2851 2488 2947 utrique
2537 2852 2837 2924 necessi-
2925 2848 2930 2857 '
3161 2918 3162 2947 Ξ

600 2948 727 3021 tati
778 2948 1241 3022 liberalissime
1303 2950 1608 3023 subvenit
1649 2951 1943 3025 aedibus
1994 2952 2395 3045 condendis,
2463 2954 2696 3050 quibus
2747 2954 2833 3024 ab

600 3049 796 3146 Rege
844 3048 1199 3124 Friderico
1245 3050 1552 3150 Augusto
1620 3077 1857 3126 nomen
1921 3063 2101 3127 esset
2162 3055 2532 3152 Augustei:
2605 3055 2693 3127 iis
2759 3055 2834 3128 iu
3161 3060 3162 3153 1

600 3152 873 3226 aedibus
937 3161 1014 3226 ut
1073 3161 1153 3248 et
1193 3154 1347 3226 aula
1372 3159 1577 3228 -ess‘et
1625 3156 1967 3251 eleganter
2016 3167 2337 3229 exornata
2351 3207 2378 3249 ,
2458 3165 2528 3230 et
2575 3157 2833 3253 aliquot

600 3251 932 3351 auditoria
978 3256 1398 3348 locarentur,
1469 3264 1540 3329 et
1588 3257 2078 3355 constiparetur
2124 3259 2443 3332 librorum
2491 3259 2827 3357 supellex,

600 3354 922 3454 denique,
992 3358 1168 3454 quod
1232 3381 1552 3430 summum
1603 3366 1752 3451 est,
1822 3360 1972 3456 ipsa
2035 3361 2268 3458 optimi
2331 3361 2514 3457 regis
2564 3360 2827 3456 effigies

544 3494 549 3503 ·
594 3456 673 3532 iu
732 3459 887 3530 aula
948 3461 1173 3556 posita
1234 3467 1481 3552 staret,
1567 3484 1736 3557 quae
1806 3462 2342 3534 convenientibus
2409 3463 2575 3534 illuc
2642 3462 2829 3533 salu-

462 3623 481 3639 ,
593 3565 741 3632 tare
810 3561 953 3632 eius
999 3585 1294 3657 ⁴reguum
1354 3570 1701 3635 revocaret
1767 3561 1838 3634 in
1903 3564 2320 3656 memoriam,
2393 3586 2827 3659 magnumque

594 3661 878 3734 animum
940 3661 1090 3760 ipso
1155 3663 1227 3736 iu
1294 3664 1476 3737 vultu
1539 3664 1966 3762 conspicuum
2016 3665 2398 3739 ostenderet
2446 3666 2646 3738 etiam
2693 3690 2828 3763 po·-

590 3762 817 3835 steris.
1488 3817 1494 3820 <
1727 3808 1732 3813 -
2149 3761 2152 3765 ⁴
2893 3762 2900 3770 ’

796 3862 970 3937 Illae
1033 3865 1245 3962 igitur
1306 3866 1504 3938 aedes
1555 3889 1596 3938 a
1647 3865 2037 3941 venerandis
2085 3867 2562 3964 Angustissimi
2609 3865 2819 3962 Regis

586 3954 1216 4041 -FRIDERICI
1284 3966 1810 4042 AUGUSTI
1878 3966 1997 4041 II.
2063 3978 2139 4043 ‘et
2203 3968 2531 4043 Ordinum
2594 3968 2825 4042 Saxo-

453 4115 461 4123 ·
553 4066 744 4139 'niae
791 4065 1079 4165 Legatis
1145 4069 1253 4142 die
1320 4070 1485 4142 bene
1549 4070 1876 4162 ominata,
1949 4095 2154 4168 quae,
2225 4073 2375 4170 ipso
2440 4071 2631 4167 regio
2696 4095 2823 4156 no-

588 4169 767 4242 mine
834 4170 1190 4267 insignita,
1276 4173 1476 4244 tertia
1553 4180 1661 4245 est
1741 4172 1986 4245 mensis
2061 4172 2391 4271 Augusti,
2476 4172 2822 4246 tradentur

501 4268 1033 4347 l4Universitati
1115 4280 1422 4366 nostrae,
1456 4310 1475 4331 ο
1506 4298 1559 4357 α,
1617 4274 1810 4347 nobis
1855 4292 1940 4347 ue
2017 4275 2149 4348 rite
2229 4274 2819 4372 inaugurabnntur.

595 4370 927 4465 Quocirca
971 4373 1605 4450 PRINCIPES
1658 4374 1794 4449 GE
1895 4373 2493 4471 SISSIMOS,
2553 4372 2818 4454 PRO-
