3192 4992
1042 328 1143 391 DE
1184 330 1561 392 AESCHYLI
1599 331 1997 395 AETNAEIS.
2501 332 2638 400 32⁵

409 495 639 570 modus
686 493 1042 588 nascendi,
1109 495 1169 568 si
1231 494 1453 572 Palici
1499 496 1659 590 isti,
1724 522 1890 594 quos
1954 522 2041 570 ex
2101 503 2292 572 utero
2342 497 2634 575 Thaliae

280 643 285 650 ·
408 597 624 670 editos
673 622 820 670 esse
873 598 953 669 ab
1007 598 1292 694 antiquis
1343 598 1678 694 proditum
1720 609 1849 691 est,
1902 599 2198 672 manibus
2239 602 2468 674 matris
2502 602 2632 675 fin-

405 708 673 795 guntur.
773 698 873 771 Et
934 722 1055 770 ne
1087 707 1190 771 est
1253 699 1515 795 quidem
1561 702 1694 773 hoc
1740 702 1811 773 in
1862 701 2146 798 pictura.
2246 700 2418 774 Nam
2468 728 2630 801 por-

405 799 607 872 rectis
671 800 1129 896 expansisque
1179 800 1405 896 digitis
1453 803 1636 921 ‘quis
1702 801 1957 898 fingere
2026 802 2275 899 aliquid
2349 798 2630 901 potest?

403 900 761 974 Enimvero
812 901 1223 974 Welckerus
1274 903 1402 975 hoc
1447 902 1594 999 ipse
1647 904 2078 1001 excogitavit,
2133 905 2439 1000 quoniam
2471 930 2630 980 casu
2774 966 2779 972 .

399 1001 533 1074 ima
580 1026 765 1099 pars
786 1004 1045 1121 pedis,
1085 1002 1258 1100 quod
1312 1010 1463 1076 ante
1513 1029 1660 1078 eam
1707 1029 1936 1078 manus
1984 1005 2281 1079 mulieris
2332 1006 2629 1080 obiectae

400 1112 592 1194 sunt,
646 1105 828 1178 cerni
877 1129 1010 1177 non
1059 1112 1307 1202 potest.
1407 1103 1589 1180 Hinc
1640 1107 1906 1203 longius
1954 1106 2422 1204 progreditur,
2486 1132 2631 1180 am·-

400 1204 665 1300 biguum
719 1230 865 1277 esse
918 1206 1185 1298 dicens,
1248 1215 1468 1279 utrum
1517 1207 1631 1279 bie
1678 1207 1951 1281 Palicus
2000 1209 2375 1304 impositam
2423 1210 2627 1306 capiti

397 1305 627 1379 matris
677 1308 914 1379 molem
964 1308 1188 1379 mallei
1236 1307 1308 1381 in
1359 1308 1695 1381 humerum
1731 1334 1976 1400 suum,
2027 1317 2101 1384 ut
2150 1311 2345 1402 alter,
2397 1312 2628 1384 subla-

396 1415 585 1480 turus
636 1416 832 1504 atque
882 1409 978 1481 ita
1029 1409 1322 1481 abiturus
1374 1410 1642 1501 s1t,an
1693 1411 2022 1506 percutiat
2071 1435 2150 1484 ae
2200 1412 2432 1484 tundat
2479 1436 2670 1484 ma·-

393 1516 563 1579 trem
610 1511 890 1582 malleo.
967 1510 1100 1583 hoo
1150 1511 1407 1630 quide-m
1475 1510 1537 1584 si
1599 1511 1840 1603 faciat,
1924 1512 2204 1585 alterum
2263 1512 2624 1610 putandum

395 1633 542 1682 csse
596 1619 664 1682 et
711 1611 926 1708 ipsum
976 1613 1357 1730 percussuri
1405 1612 1695 1709 speciem
1735 1612 2080 1710 praebere.
2178 1614 2275 1686 At
2301 1614 2430 1688 boe
2470 1616 2623 1712 qui-

392 1710 539 1783 dem
592 1713 860 1808 quivis,
886 1714 997 1810 qui
1047 1714 1370 1811 picturam
1422 1714 1773 1810 adspiciat,
1826 1714 2263 1788 certissimum
2315 1740 2464 1788 esse
2517 1717 2622 1788 vi-

392 1811 545 1884 deat
593 1837 866 1887 necesse
920 1821 1061 1907 est,
1138 1814 1326 1887 feriri
1374 1817 1756 1908 mulierem,
1835 1816 2051 1912 quod,
2122 1816 2321 1890 sicuti
2371 1818 2618 1914 prioris

388 1914 666 1987 malleus
728 1916 860 1988 iam
922 1917 1221 1989 incubuit
1268 1917 1339 1988 in
1391 1930 1590 2014 caput
1637 1916 1974 2010 mulieris,
2058 1925 2130 1989 ut
2178 1943 2353 1991 nune
2403 1917 2618 2006 denuo

252 2006 263 2012 ’
369 2016 719 2100 ‚tollendus
770 2018 884 2108 sit,
936 2018 1033 2089 ita
1084 2018 1254 2093 alter
1302 2018 1560 2091 iuvenis
1613 2020 1965 2115 aper-'teht
2013 2043 2447 2115 percussurus
2499 2045 2621 2111 suq-

385 2117 573 2189 stulit
621 2117 954 2190 malleum.
1052 2117 1275 2192 Affert
1324 2144 1481 2192 vero
1519 2119 1930 2192 Welckerus
1983 2120 2181 2193 etiam
2229 2122 2436 2193 multo
2488 2122 2616 2193 mi·-

364 2218 739 2316 ⁸rabiliora:
822 2220 1037 2316 ipsum
1102 2245 1341 2292 nomen
1405 2219 1788 2294 Palicorum
1858 2221 2134 2293 malleos
2208 2221 2610 2317 significare,

383 2320 558 2415 quod
610 2343 810 2417 saepe
864 2322 993 2394 duo
1046 2320 1216 2392 fabri
1266 2321 1527 2394 ferrarii
1579 2323 1853 2394 alternis
1904 2321 2150 2395 ictibus
2195 2321 2441 2394 ferrum
2492 2323 2710 2397 (ιιι-Π

383 2419 611 2492 dant.
668 2420 810 2494 Sed
862 2423 989 2494 hoc
1038 2423 1389 2518 praeteriri
1441 2423 1649 2495 satius
1702 2431 1829 2494 est.
1863 2420 2230 2495 Videamus
2279 2425 2471 2518 quale
2522 2425 2613 2498 sit

378 2521 574 2614 illud,
627 2522 801 2620 quod
855 2509 935 2594 de
969 2522 1408 2619 Nicophontis
1462 2525 1698 2596 comici
1741 2523 1959 2595 fabula
1997 2522 2184 2615 dicit,
2237 2525 2372 2595 cui
2375 2550 2617 2600 nomen

377 2621 622 2695 factum
674 2633 817 2697 erat
864 2617 1487 2724 Χειρογαστόρων
1533 2622 1787 2725 γέννα.
1887 2623 1983 2696 Hi
2025 2619 2614 2778 χειρογάστορεςρ,

375 2724 617 2820 inquit,
669 2750 797 2798 non
848 2737 1128 2823 possunt
1179 2727 1292 2797 alii
1339 2751 1487 2800 esse
1524 2750 1714 2823 quam
1748 2724 1990 2798 Palici.
2092 2724 2243 2798 Non
2271 2720 2608 2824 possunt?

364 2823 584 2919 Nam,
635 2827 885 2924 inquit,
938 2828 1102 2898 nibil
1154 2828 1504 2925 quidquam
1558 2835 1819 2901 constat
1870 2826 1951 2899 de
2001 2824 2236 2923 Lyciis
2290 2826 2610 2925 Cyclopi-

375 2926 524 3019 bus,
578 2951 788 3024 eoque
840 2953 921 3002 ne
976 2928 1057 3000 de
1110 2952 1334 3001 eorum
1387 2938 1539 3002 ortu
1591 2929 1877 3026 quidem.
1980 2927 2246 3000 Vereor
2295 2953 2378 3001 ne
2430 2930 2607 3004 haud

371 3027 569 3101 facile
618 3030 991 3101 1nven1atur
1004 3081 1029 3120 ,
1085 3031 1197 3126 qui
1249 3031 1462 3126 qualis
1514 3031 1679 3103 haee
1728 3028 2146 3102 ratiocinatio
2199 3030 2292 3102 sit
2337 3032 2605 3129 perspi-

372 3130 530 3202 ciat.
632 3127 775 3203 Sed
826 3131 1140 3228 aperiam.
1244 3129 1886 3203 commemoraverat
1936 3131 2329 3205 mentionem
2374 3154 2602 3205 arces-

353 3231 646 3316 “sitorum
698 3257 785 3305 ex
834 3231 1052 3327 Lycia
1103 3219 1465 3329 Cyclopum
1516 3232 1688 3328 apud
1741 3230 2164 3323 Strabonem,
2218 3232 2332 3328 qui
2380 3232 2461 3302 de
2512 3232 2599 3306 iis

368 3332 585 3405 VIII.
636 3359 707 3431 p.
761 3337 938 3408 373.
990 3334 1259 3407 scribit.
1327 3330 1457 3415 οὓς
1505 3330 1689 3408 ἑπτὰ
1737 3330 1880 3427 μεν
1929 3330 2156 3423 εἶναι,
2205 3331 2599 3414 καλεῖσθαι

368 3430 453 3509 δε
512 3431 1123 3536 χειρογάστορας,
1193 3432 1691 3561 τρεφομένους
1752 3437 1834 3512 ἐκ
1894 3440 2024 3529 τῆς
2084 3431 2356 3530 τέχνης.
2473 3434 2598 3510 Sic
2691 3467 2708 3474 ·

367 3559 530 3633 ergo
584 3548 687 3609 est
736 3538 1205 3610 ratiocinatus·
1261 3531 1821 3636 χειραγοίστορες
1870 3545 2023 3608 sunt
2069 3536 2241 3608 fabri
2290 3536 2590 3610 ferrarii.

363 3637 473 3709 bi
487 3645 603 3709 aut
650 3635 848 3734 Lycii
898 3639 1001 3709 illi
1054 3636 1381 3738 Cyclopes
1433 3647 1630 3730 suut,
1697 3647 1810 3711 aut
1874 3637 2132 3735 quidam
2199 3637 2351 3709 alii·
2417 3662 2591 3712 nuno

364 3738 447 3811 de
498 3738 859 3835 Lyciorum
915 3727 1282 3837 Cyclopum
1344 3740 1599 3836 origine
1663 3740 1832 3814 nibil
1882 3747 2181 3814 constat·
2247 3761 2408 3836 ergo
2459 3738 2590 3813 Ni-

363 3840 740 3937 copbontis
747 3838 1369 3941 Χειρογαστόραιν
1418 3840 1647 3942 γέννα
1699 3867 1828 3915 nou
1878 3842 2167 3938 pertinet
2216 3839 2298 3911 ad
2340 3838 2588 3936 Cyclo.-

358 3966 482 4040 pes
531 3942 826 4039 Lycios,
898 3945 1013 4015 sed
1068 3943 1154 4015 ad
1203 3945 1372 4017 alios
1424 3943 1646 4016 fabros
1698 3943 2053 4015 ferrarios·
2124 3942 2306 4038 atqui
2353 3942 2423 4013 in
2474 3944 2585 4040 pi-

362 4053 550 4117 ctura
610 4046 730 4117 illa
797 4056 980 4117 ortus
1043 4045 1371 4117 fabrorum
1426 4044 1888 4135 ferrariorum,
1961 4043 2073 4140 qui
2121 4042 2338 4116 Palici
2403 4051 2581 4135 sunt,

357 4155 891 4245 repraesentatus
939 4154 1077 4220 est.
1145 4172 1306 4243 ergo
1356 4146 1428 4219 bi
1478 4155 1632 4219 sunt
1679 4144 2117 4244 Nicopbontis
2166 4145 2296 4216 illi.
2395 4141 2582 4216 Lar-

316 4267 323 4274 ¹
357 4247 614 4343 giamur
662 4250 1009 4347 tantisper,
1062 4248 1238 4346 quod
1288 4248 1550 4321 minime
1603 4248 1879 4321 concedi
1925 4253 2188 4345 potest,
2232 4239 2580 4344 χειρογᾶ-

359 4370 635 4451 στορας
689 4374 838 4424 esse
899 4351 1125 4425 fabros
1188 4349 1545 4424 ferrarios·
1625 4350 1733 4424 vel
1782 4348 1883 4423 sio
1931 4347 2312 4448 apparebit,
2384 4372 2574 4443 quam
