3192 4992
899 375 1244 440 ΕΜΕΝΠΑ
1226 382 1488 440 I‘IONES
1529 379 1999 442 PINDARICAE.
2435 380 2561 448 165

541 547 847 641 ἔλπομαι
899 542 977 619 δ’
1021 518 1450 643 Ἐφυραίων
2264 605 2273 610 ‚

541 648 659 721 ὄπ’
720 644 920 749 ἅιιφὶ
969 648 1302 742 Πηνεϊὸν
1346 650 1699 774 γλυκεῖαν
1746 642 2217 744 προχεόντων
2263 646 2455 742 εμὰν

535 746 670 822 τὸν
708 746 1083 821 Ἱπποκλέα
1135 748 1204 822 0²
1264 750 1370 820 ἔτι
1416 747 1545 822 καὶ
1592 756 1879 843 μᾶλλον
1930 746 2073 823 σὺν
2123 748 2412 833 ἀοιδαῖς

534 851 737 923 ἕκατι
788 845 1182 948 στεφάνων
1229 849 1524 946 θαητὸν
1576 853 1659 926 ἒν
1709 850 1899 933 ἅλιξι
1936 843 2266 946 θησέμεν
2316 855 2398 928 ἐν
2429 853 2555 927 καὶ

1638 952 2119 1051 παλαιτέροις,

533 1051 815 1168 νέαισιν
861 1079 940 1125 τε
990 1050 1434 1149 παρθένοισι
1480 1051 1790 1149 μέλημα.

337 1207 472 1294 Te,
523 1205 1007 1302 Ηὴψοοῖεαο
1037 1201 1332 1303 filium.
1433 1202 1603 1277 Nam
1656 1205 1809 1323 quid
1841 1171 2140 1301 impedit,
2194 1203 2347 1301 quin
2374 1204 2555 1303 Hip·-

329 1307 599 1403 pocleas
649 1307 747 1397 is,
803 1307 988 1378 cuius
1040 1307 1319 1378 victoria
1367 1307 1495 1379 hoc
1546 1308 1832 1379 carmine
1883 1307 2224 1398 laudatur,
2296 1317 2551 1402 patrem

195 1438 212 1445 ·
328 1409 632 1480 habuerit
660 1408 890 1480 eodem
922 1401 1241 1479 nomine?
1323 1407 1441 1499 At,
1493 1408 1820 1504 inquiunt,
1862 1418 2054 1505 pater
2082 1409 2210 1479 iste
2239 1407 2548 1480 Phriciae

327 1534 566 1582 nomen
632 1509 929 1606 gerebat.
1052 1509 1200 1600 Quo
1268 1503 1591 1582 auctore?
1701 1508 2083 1583 Scholiasta
2144 1510 2402 1582 scilicet
2462 1509 2550 1582 ad

329 1636 393 1682 v.
426 1615 550 1684 22.
653 1609 852 1683 Vnde
905 1619 1117 1681 autem
1170 1611 1562 1683 scholiastes
1598 1612 1667 1683 id
1713 1606 2078 1708 cognovit?
2160 1608 2312 1683 Non
2347 1610 2545 1683 credo

211 1754 232 1761 -
326 1735 430 1783 me
479 1712 650 1803 falli,
703 1713 763 1783 si
814 1736 959 1783 eum
1011 1736 1097 1784 ex
1149 1712 1356 1783 solius
1385 1712 1662 1785 Pindari
1702 1714 1921 1786 verbis
1962 1712 2404 1786 coniecturam
2443 1712 2549 1785 fe·-

326 1814 500 1886 cisse
553 1814 787 1914 dicam.
887 1812 962 1884 Is
1012 1814 1269 1885 scribit
1290 1836 1357 1885 v.
1414 1818 1536 1889 12.
1591 1816 1839 1913 (19..)

573 1960 660 2037 τὸ
711 1961 794 2037 δε
846 1961 1191 2065 συγγενὲς
1240 1964 1657 2063 ἐμβέβακεν
1705 1969 1988 2059 ἴχνεσιν
2035 1962 2311 2066 πατρὸς

559 2065 1092 2160 Ὀλυμπιονίκα
1144 2064 1261 2149 δὶς
1309 2093 1392 2142 εν
1440 2063 1970 2164 πολεμαδόκοις
2375 2085 2379 2089 ’

551 2134 800 2259 Ἄρεός
850 2165 1128 2250 όπλοις·

567 2271 806 2363 θῆκεν
856 2266 939 2356 δε
989 2266 1116 2342 καὶ
1163 2266 1684 2363 βαθυλειμῶν’
1741 2266 1890 2378 ὑπο
1940 2264 2213 2364 Κίρῤας
2264 2263 2475 2369 ἄγων
2547 2266 2641 2337 12

566 2368 846 2468 πέτραν
894 2366 1402 2467 κρατησίποδα
1459 2365 1853 2466 Φρικίαν.

317 2518 443 2595 Sic
489 2522 626 2612 hic,
680 2523 918 2616 θῆκεν
967 2517 1056 2608 δεν
1099 2516 1250 2609 καί,
1304 2519 1478 2617 quod
1512 2519 1860 2592 Boeckhio
1912 2544 2168 2617 quoque
2211 2477 2541 2617 placebat,

318 2631 388 2695 et
438 2648 504 2695 v.
556 2624 681 2698 69.
738 2623 981 2718 (107.)
1048 2618 1500 2718 κᾶδελφεοὺς
1565 2621 2004 2703 scribendum.
2118 2621 2214 2693 At
2278 2646 2364 2691 ex
2416 2620 2543 2693 hoc

316 2726 469 2797 loco
521 2732 771 2796 tantum
822 2724 1008 2804 abest
1055 2732 1130 2794 ut
1179 2722 1514 2795 Phriciam
1564 2721 1980 2818 Hippocleae
2031 2731 2286 2819 patrem
2336 2721 2540 2793 fuisse

319 2834 670 2923 appareat,
742 2834 817 2897 ut
870 2826 1004 2896 veri
1056 2825 1335 2897 similius
1402 2825 1529 2915 sit,
1607 2825 1804 2895 alium
1859 2825 2223 2921 quempiam
2271 2822 2541 2920 Hippo·
2580 2894 2585 2900 .

319 2930 499 3001 eleae
552 2934 901 3025 cognatum
949 2927 1019 2997 id
1069 2927 1350 3008 nominis
1401 2927 1735 2998 habuisse.
1774 2930 1850 3024 ³¹¹⁴)

518 3061 810 3137 Gravius
862 3062 1059 3133 etiam
1108 3062 1373 3133 tertium
1406 3059 1634 3132 vitium
1685 3067 1790 3132 est
1829 3061 1902 3132 in
1943 3060 2049 3131 his
2088 3084 2149 3130 v.
2187 3059 2306 3133 19.
2339 3060 2534 3156 (29.)

566 3220 722 3287 τῶν
773 3211 846 3287 δ’
903 3215 986 3288 εν
1026 3206 1314 3285 Ἑλλάδι
1362 3217 1702 3337 τερπνῶν

570 3310 914 3457 λαχοντες
977 3313 1114 3388 οὐκ
1179 3308 1438 3415 ὀλίγαν
1486 3308 1776 3487 ‹l‘cicrgtm
1716 3367 1742 3402 ,
1807 3308 1911 3408 μὴ
1977 3311 2391 3410 φθονεραῖς
2436 3312 2534 3384 ἐκ

1684 3419 1828 3486 έῶν

564 3513 1082 3615 μετατροπίαις
1129 3509 1629 3630 ἐπικύρσαιεν·
1694 3512 1876 3597 θεὸς
1922 3516 2028 3609 εἴη
2154 3557 2167 3563 κ

566 3616 884 3716 ἀπήμων
930 3616 1129 3718 κέαρ.

311 3757 524 3872 Legit
575 3772 834 3868 quidem
881 3772 977 3843 ita
1028 3772 1415 3844 scholiastes
1467 3794 1724 3866 quoque
1738 3820 1766 3862 ,
1819 3768 1932 3865 qui
1982 3767 2080 3840 sic
2119 3767 2527 3894 interpreta—

313 3885 456 3951 tur.
523 3872 864 3999 ἀβλαβὴς
910 3871 1038 3946 καὶ
1087 3868 1490 3991 ἇνόργητος
1529 3870 1647 3945 ἐπὶ
1685 3874 1839 3953 τοῖς
1865 3867 2100 3943 αὗτοῦ
2133 3864 2527 3967 κατορθώ-

313 4001 545 4073 μασιν
592 3980 699 4072 εἴη
752 3974 792 4049 ὃ
841 3969 1039 4057 θεός.
1141 3975 1236 4047 At
1298 3974 1407 4047 cui
1468 3974 1729 4046 tandem
1794 3995 2096 4069 umquam
2159 3970 2372 4043 dictus
2420 3978 2525 4044 est
2604 4011 2611 4018 ·

479 4245 542 4330 ⁶)
596 4249 732 4326 Equi
759 4268 946 4307 nomen
973 4265 1090 4307 esse
1122 4249 1333 4323 putavit,
1375 4249 1581 4324 opinor,
1622 4244 1931 4304 Eustathius
1965 4249 2019 4303 in
2048 4245 2309 4321 prooemio
2343 4262 2396 4318 p.
2418 4234 2519 4298 56.

314 4339 426 4392 sive
446 4356 519 4435 ΟΡ.
547 4333 608 4396 6.
654 4332 734 4391 ed.
773 4330 1219 4403 Schneidewin&
1206 4328 1390 4392 ι’ππον
1429 4327 1854 4413 κρατησίποδα
1897 4350 1929 4387 a
1949 4329 2177 4388 Pindaro
2199 4327 2391 4386 dictum
2416 4344 2521 4383 me·

313 4416 541 4480 moi-ins,
626 4418 791 4477 Credo
831 4418 931 4477 hoc
968 4437 1145 4477 verum
1187 4436 1321 4476 esse.
