3192 4992
579 282 715 354 m
1065 283 1353 347 numo
1387 282 1491 345 IN
1511 281 1767 343 sacms
1798 280 2338 345 summamus.

582 452 702 526 aut
774 452 845 525 in
912 449 1451 548 superstitionem
1518 434 1856 523 deflectit·
1943 472 2219 546 qnorum
2297 447 2576 520 alterum
2647 447 2844 521 nihil.

585 553 900 665 prodest,
970 555 1251 625 alterum
1309 559 1536 624 nocet.
1649 550 1857 648 Atqui
1918 574 2139 623 mores
2206 549 2360 647 quid
2430 556 2624 641 sunt,
2692 550 2824 623 nisi

587 656 699 748 id,
771 654 943 752 quod
1035 652 1355 750 ›roprium
1404 653 1514 725 vel
1562 652 1848 725 hominis
1899 652 2217 748 cuiusque
2287 651 2394 723 vel
2443 652 2667 748 gentis
2716 652 2827 724 vel

588 757 818 854 populi
873 678 1034 828 estg
1111 778 1302 852 quem
1368 754 1686 852 populum
1736 761 1953 826 autem
2002 777 2222 826 mores
2270 752 2559 844 habere,
2625 753 2830 826 immo

591 882 781 955 quem
834 881 982 930 esse
1031 857 1346 954 populum
1399 856 1731 947 dicamus,
1781 855 1912 928 nisi
1963 879 2136 946 eum,
2202 878 2392 951 quem
2444 853 2642 951 patrii
2689 854 2828 926 soli

591 960 837 1032 caritas
901 966 969 1031 et
1032 957 1383 1031 aemulatio
1449 958 1765 1030 maiorum
1831 955 2226 1033 concordem
2289 954 2529 1028 fecerit
2587 955 2657 1027 in
2713 956 2826 1027 sni

591 1061 875 1133 nominis
946 1059 1268 1156 dignitate
1332 1057 1822 1150 conservanda,
1887 1058 2170 1149 tuenda,
2238 1049 2599 1154 augenda?
2710 1057 2824 1129 Ex

593 1187 728 1281 qno
794 1161 1260 1257 consequitur,
1332 1161 1393 1234 si
1456 1168 1640 1233 recte
1705 1160 1855 1257 pios
1919 1183 2070 1232 esse
2132 1159 2436 1232 homines
2500 1158 2825 1251 volumus,

591 1265 872 1361 primum
927 1262 1210 1335 omnium
1263 1261 1620 1335 curandum
1670 1285 1860 1354 esse,
1911 1269 1987 1334 ut
2030 1262 2288 1358 possint
2336 1260 2434 1357 pii
2473 1285 2651 1353 esse,
2703 1260 2832 1333 boc

595 1373 828 1438 estut
876 1387 1084 1460 aeque
1135 1363 1217 1435 ab
1270 1360 1578 1437 socordia
1641 1363 1812 1435 nihil
1873 1363 2239 1435 reverentis
2287 1360 2584 1435 levitatis
2631 1370 2834 1458 atque
2967 1364 2986 1389 ²

594 1491 639 1538 a
688 1488 927 1538 caecae
979 1464 1470 1562 superstitionis
1521 1462 1871 1562 torpedine
1923 1464 2008 1536 ad
2058 1488 2203 1537 eam
2254 1465 2675 1536 severitatem
2712 1463 2838 1535 ad-

480 1554 499 1587 *
596 1567 944 1659 ducantur,
996 1590 1084 1640 ex
1135 1589 1264 1663 qua
1311 1568 1526 1665 primo
1579 1589 1840 1659 mores,
1893 1565 2158 1659 deinde,
2218 1565 2330 1661 qui
2381 1563 2638 1638 fructus
2689 1590 2840 1637 mo-

546 1752 553 1757 ,
597 1694 743 1741 rum
808 1676 952 1761 est,
1025 1668 1278 1765 pudor,
1344 1667 1781 1759 verecundia,
1851 1667 2105 1764 pietas,
2142 1666 2414 1763 ⁸religio
2481 1666 2836 1764 prodeant.

598 1769 794 1862 Quod
862 1769 922 1841 si
971 1792 1188 1842 mores
1253 1769 1485 1867 populi
1533 1770 1603 1841 in
1656 1777 2045 1842 conservata
2094 1769 2237 1841 eius
2287 1770 2560 1866 propria
2608 1767 2837 1840 indole

598 1878 996 1961 cernuntur,
1053 1871 1305 1942 nullum
1357 1871 1574 1967 aptius
1627 1895 1752 1944 nee
1802 1871 2140 1968 potentius
2190 1870 2496 1966 praeberi
2546 1870 2839 1941 moribus

596 1971 1064 2071 nutrimentum
1114 1979 1376 2070 potest,
1453 1996 1645 2069 quam
1710 1971 1965 2068 patriae
2030 1971 2273 2044 caritas
2342 1979 2411 2045 et
2460 1970 2840 2045 recordatio

540 2092 548 2108 ·
598 2073 946 2147 maiorum.
1046 2072 1115 2145 A
1163 2073 1520 2147 maioribus
1570 2073 1746 2147 euim
1798 2081 1866 2146 et
1917 2073 2135 2169 gloria
2175 2072 2254 2144 ad
2292 2072 2580 2146 minores
2615 2080 2848 2145 trans-

601 2174 924 2266 funditur,
976 2182 1047 2247 et
1095 2199 1242 2247 cum
1292 2176 1512 2273 gloria
1561 2175 1991 2247 admoventur
2040 2174 2289 2247 stimuli
2340 2173 2427 2246 ad
2475 2175 2658 2272 paris
2689 2174 2850 2246 lau-

603 2277 708 2350 dis
776 2277 1274 2374 appetitionem.
1408 2275 1647 2373 Itaque
1712 2277 1824 2348 vel
1898 2276 2068 2373 apud
2143 2275 2456 2348 barbaras
2527 2283 2597 2348 et
2661 2274 2846 2348 feras

604 2386 841 2476 gentes
892 2378 1340 2453 admirabilem
1394 2378 1737 2475 quamdam
1793 2385 1861 2450 et
1913 2379 2217 2451 virtutem
2267 2385 2339 2450 et
2388 2378 2701 2475 pietatem
2756 2401 2848 2449 ex

606 2505 688 2553 eo
742 2488 954 2553 ortam
1005 2504 1152 2552 esse
1206 2481 1524 2572 videmus,
1580 2480 1754 2576 quod
1808 2479 1934 2551 filii
1985 2503 2027 2551 a
2076 2479 2372 2575 patribus
2423 2478 2627 2552 fortia
2667 2479 2852 2551 facta

607 2581 926 2654 maiorum
980 2581 1354 2674 audiebant,
1404 2582 1621 2678 iisque
1671 2580 2212 2673 incendebantur,
2264 2589 2340 2654 ut
2390 2581 2706 2652 aemulari
2756 2581 2851 2652 il-

608 2683 716 2755 los
795 2706 921 2755 nec
985 2706 1133 2754 sese
1207 2681 1573 2779 degeneres
1644 2683 1927 2779 reperiri
1993 2682 2493 2756 contenderent.
2607 2681 2848 2757 Avidis

611 2783 784 2855 enim
834 2782 957 2853 illa
1005 2783 1272 2856 auribus
1324 2784 1775 2886 accipiuntur,
1842 2783 2208 2880 infiguntur
2256 2784 2529 2876 animis,
2595 2784 2853 2857 calefa-

613 2884 795 2957 ciunt
844 2890 1157 2980 pectora,
1213 2894 1558 2957 versantur
1609 2894 1761 2958 ante
1813 2887 2087 3004 oculos,
2151 2894 2543 2983 repetuntur
2592 2909 2853 2958 senno·-

614 2985 834 3077 nibus,
886 2985 955 3057 in
1007 2985 1172 3083 ipsis
1225 2995 1547 3085 apparent
1595 2987 1759 3061 visis
1809 2988 2235 3060 somniorum.
2336 2986 2444 3059 Ad
2489 2988 2664 3060 bunc
2702 3012 2855 3059 mo-

616 3085 767 3159 dum
834 3087 894 3159 si
945 3111 985 3158 a
1033 3089 1247 3189 prima
1298 3097 1513 3162 aetate
1577 3099 1731 3161 ante
1782 3090 2001 3163 omnia
2066 3090 2222 3185 quid
2286 3098 2504 3162 actum
2554 3090 2855 3186 gestum·-

618 3213 745 3286 que
809 3212 850 3259 a
919 3182 1277 3263 maioribus
1344 3200 1524 3263 esset
1589 3215 1815 3264 omnes
1887 3191 2309 3282 doceremur,
2394 3190 2593 3288 idque
2658 3189 2856 3263 fieret

619 3314 812 3409 quam
863 3291 1382 3388 explicatissima
1435 3301 1504 3366 et
1554 3292 2061 3385 studiosissime,
2117 3301 2190 3365 ut
2239 3301 2309 3364 et
2359 3292 2764 3366 disceremus
2815 3315 2856 3363 a

622 3392 857 3490 quibus
912 3394 1042 3464 orti
1094 3414 1428 3487 essemus,
1498 3402 1566 3467 et
1617 3396 1807 3467 locos
1857 3418 2279 3468 nosceremus
2328 3394 2698 3491 insignibus
2749 3393 2858 3464 fa·
2908 3428 2914 3443 «

622 3493 750 3566 ctis
801 3494 1223 3586 nobilitatos,
1293 3504 1362 3567 et
1410 3497 1675 3567 nomina
1723 3495 2082 3592 laudesque
2133 3518 2521 3592 magnorum
2568 3496 2855 3569 nationis

621 3603 889 3691 nostrae
941 3596 1225 3668 virorum
1282 3598 1593 3669 memoria
1644 3606 2014 3671 teneremus
2067 3607 2264 3695 atque
2312 3599 2381 3670 in
2425 3622 2542 3670 ore
2576 3598 2856 3670 babere-
2953 3622 2960 3631 ²

623 3719 806 3769 mus.
874 3697 955 3767 ab
1019 3698 1185 3795 ipsa
1230 3699 1517 3795 pueritia
1575 3693 1831 3795 aliquid
1885 3709 1958 3771 ut
2009 3724 2355 3796 magnum,
2427 3708 2530 3773 ut
2550 3700 2851 3798 praecla-

625 3821 795 3889 rum,
848 3806 923 3869 ut
974 3801 1312 3891 eximium,
1367 3809 1439 3873 ut
1472 3810 1765 3873 sanctum
1805 3802 2104 3873 venerari
2142 3803 2570 3892 disceremus,
2624 3824 2851 3898 quum-

628 3922 754 3997 que
820 3923 951 3969 non
1018 3901 1381 3974 deteriores
1441 3927 1561 3975 nos
1618 3903 1974 3976 maioribus
2023 3911 2364 4001 praestare
2417 3903 2851 3992 studeremuS,

628 3999 844 4099 pudor
892 4023 1014 4074 nos
1067 4003 1146 4073 ab
1196 4003 1495 4096 levitate,
1548 4006 1629 4076 ab
1679 4005 1970 4101 ignavia,
2024 4029 2065 4077 a
2114 4006 2573 4099 protervitate,
2628 4028 2691 4075 a
2709 4028 2858 4076 sce-

628 4105 773 4175 lere
823 4099 1228 4196 deterreret,
1293 4106 1710 4203 revererique
1764 4106 1934 4203 quod
1990 4117 2283 4180 sanctum
2338 4116 2517 4179 esset
2567 4105 2856 4178 adsuetis

633 4204 828 4278 etiam
877 4203 1001 4276 illa
1050 4229 1216 4302 quae
1268 4232 1412 4280 cum
1465 4208 1790 4304 religione
1844 4218 1911 4282 et
1960 4210 2157 4281 rebus
2201 4209 2439 4281 divinis
2483 4207 2858 4281 consociata
2993 4260 2998 4267 -

633 4314 738 4381 est
786 4305 1028 4429 pietas,
1079 4330 1287 4406 eaque
1339 4333 1495 4381 vera
1546 4318 1616 4382 et
1671 4310 1912 4405 valida,
1959 4330 2118 4385 non¹
2145 4309 2318 4383 falsa
2366 4318 2435 4384 et
2468 4310 2733 4402 debilis,
2784 4332 2855 4382 se
