3192 4992
623 364 754 431 m
1141 317 1147 328 ·
1408 364 1519 425 DE
1576 362 2033 424 ATLANTE.
2163 359 2173 376 “

624 529 824 604 maris
874 529 1142 625 cognita
1189 528 1431 602 habere
1445 580 1474 621 „
1539 527 1717 625 quid'
1747 527 2113 626 simplicius
2163 536 2292 622 est,
2346 551 2536 625 quam
2554 579 2585 621 ,
2653 553 2849 626 quum

623 630 859 706 nornen
906 630 1200 706 Atlantis
1252 631 1425 702 mala
1473 631 1891 705 sufferentem
1944 630 2217 722 indicet,
2278 631 2609 703 hominem
2659 632 2852 726 cogi-

624 735 754 807 tari
802 734 872 804 in
923 742 1066 805 toto
1115 732 1282 804 mari
1329 732 1428 803 ita
1476 733 1814 823 iactatum,
1865 740 1945 803 ut
1992 732 2104 803 uhi
2152 732 2404 829 magis,
2471 732 2582 803 ubi
2636 733 2848 805 minus

601 834 1016 934 ‘profundum
1082 842 1262 906 esset
1309 857 1527 924 mare,
1599 833 1801 906 fuerit
1850 827 2221 929 expertus?
2321 833 2650 907 Convenit
2697 857 2849 906 cum

623 938 750 1009 hac
812 935 1397 1032 interpretatione,
1484 934 1660 1032 quod
1730 929 2122 1030 ὃλοόφρων
2168 935 2562 1032 'appellatur
2618 934 2845 1006 Atlas.

622 1038 792 1112 Nam
859 1046 1148 1110 veterum
1214 1036 1637 1132 quorumdam
1704 1037 2038 1132 argutias,
2122 1037 2239 1131 qui
2302 1036 2709 1134 ineptissime
2775 1045 2848 1108 et

625 1148 862 1213 contra
905 1138 1170 1257 liuguae
1221 1138 1543 1210 rationem
1596 1132 2016 1234 ὃλοόφρονα
2066 1139 2418 1210 voluerunt
2469 1132 2846 1235 ὁλόφρονα

623 1265 801 1334 esse,
853 1263 1042 1336 quasi
1089 1239 1157 1310 id
1210 1233 1608 1334 πάνσοφον
1658 1238 2036 1335 significare
2085 1243 2354 1335 posset,
2406 1238 2605 1313 hodie
2655 1262 2845 1310 nemo

619 1365 755 1414 non
821 1341 1059 1412 rideat.
1174 1339 1589 1412 Nitzschium
1656 1350 1872 1414 autem
1938 1341 2358 1414 vehementer
2422 1342 2666 1432 miror,
2735 1339 2848 1436 qui

620 1467 792 1515 novo
861 1441 1130 1514 invento
1199 1436 1691 1542 οὗλόφρονος,
1780 1442 1954 1540 quod
2027 1452 2204 1515 esset
2273 1436 2846 1537 πυκινόφρονος,

622 1543 1032 1617 scribendum
1100 1544 1379 1618 censuit.
1514 1542 1748 1640 Neque
1813 1544 1883 1614 in
1946 1544 2285 1616 Atlantem
2350 1543 2481 1616 hoc
2544 1542 2845 1637 quadrat,

618 1670 744 1719 nec
796 1646 1107 1718 convenit
1160 1644 1479 1717 Homero.
1579 1642 1683 1718 Vt
1729 1643 2017 1737 Aeetes,
2082 1654 2157 1717 ut
2206 1643 2437 1717 Minos
2487 1640 2850 1740 bzodcppo-

619 1774 762 1838 νες,
817 1747 991 1844 quod
1043 1754 1147 1818 est
1194 1746 1570 1844 peruiciosa
1620 1746 1956 1837 meditati,
2016 1746 2097 1818 ab
2148 1745 2443 1822 Homero
2497 1745 2848 1842 appellan-

619 1858 766 1939 tur,
835 1849 936 1921 sic
985 1848 1183 1920 etiam
1230 1847 1468 1939 Atlas,
1535 1847 1839 1944 fragilem
1903 1848 2076 1919 truci
2141 1850 2551 1942 committens
2600 1848 2844 1944 pelage

617 1958 863 2021 ratem:
930 1957 1192 2022 nautam
1245 1948 1416 2020 euim
1469 1949 1833 2046 significari
1882 1973 1991 2019 res
2033 1950 2183 2046 ipsa
2224 1958 2570 2041 monstrat,
2622 1948 2847 2046 expli-

489 2067 494 2080 '
617 2051 920 2147 cavitque
973 2050 1242 2147 copiose
1292 2048 1744 2124 Voelckerus.
1842 2048 2165 2123 Eiusdem
2212 2053 2283 2124 in
2333 2052 2535 2124 simili
2582 2049 2844 2124 nomine
2974 2064 2989 2070 “

666 2153 1071 2224 erversitatis
1122 2151 1222 2222 rei
1273 2160 1464 2243 sunt,
1517 2152 1750 2252 quibus
1802 2148 2153 2248 δαΐφρων
2205 2178 2338 2224 non
2388 2177 2648 2249 semper
2699 2151 2845 2222 bel·-

615 2176 895 2326 iicosum
949 2263 1018 2327 et
1065 2253 1342 2346 fortem,
1413 2253 1528 2326 sed
1583 2252 1976 2351 aliquando,
2051 2278 2090 2324 a
2131 2251 2414 2349 ,δαῆναι
2466 2253 2840 2343 deductum,

619 2355 795 2452 quod
845 2355 995 2426 lieri
1042 2354 1295 2452 nequit,
1349 2354 1733 2451 prudentem
1771 2355 2148 2452 significare
2188 2358 2391 2428 visum
2429 2365 2558 2428 est.
2637 2353 2844 2425 Butt-

618 2481 916 2548 mannus,
986 2456 1096 2555 qui
1145 2456 1216 2528 id
1265 2456 1335 2526 in
1384 2454 1730 2552 Lexilogo
1782 2456 1846 2528 Ι.
1898 2481 1969 2554 p.
2024 2460 2199 2532 201.
2252 2457 2581 2548 defendit,
2646 2456 2843 2527 aliter

613 2557 1021 2631 iudicaturus
1087 2566 1269 2647 erat,
1357 2558 1415 2629 si
1481 2559 1845 2653 cogitasset
1906 2559 2282 2632 Anticleam
2346 2556 2594 2654 Odyss.
2661 2555 2841 2630 XV.

617 2661 792 2734 356.
844 2658 1079 2729 fortem
1134 2658 1371 2728 dictam
1425 2681 1599 2748 esse,
1656 2659 1830 2753 quod
1867 2660 2221 2755 suspendio
2260 2660 2454 2733 vitam
2490 2659 2837 2750 linivisset,

612 2759 994 2830 Alcmenam
1050 2766 1261 2828 autem
1318 2755 1676 2830 aPindaro
1728 2769 1803 2830 ut
1853 2771 2121 2831 matrem
2165 2759 2471 2832 heroum:
2537 2760 2841 2856 Aeschy-

614 2859 748 2930 lum
805 2884 961 2930 vero
1014 2857 1080 2929 in
1133 2856 1330 2954 Sept.
1383 2858 1465 2928 ad
1501 2858 1726 2930 Theb.
1780 2885 1844 2931 v.
1888 2862 2063 2936 920.
2117 2864 2175 2934 si
2226 2862 2309 2940 ad
2362 2871 2570 2934 metra
2621 2870 2834 2934 atten-

617 2959 862 3051 disset,
931 2960 1279 3060 scripsisse
1333 2959 1608 3032 vidisset
1673 2956 2084 3057 δαϊόφρων.
2204 2961 2336 3035 Ille
2387 2964 2593 3058 igitur
2640 2963 2835 3038 Atlas
2902 2977 2908 2981 ’

618 3061 771 3159 qnid
824 3087 1025 3159 porro
1079 3055 1276 3157 agit?
1373 3058 1654 3158 Longas
1708 3063 1875 3135 caeli
1943 3055 2287 3166 terraeque
2342 3054 2676 3138 columnas
2729 3072 2836 3137 te-

611 3186 772 3234 nere
838 3164 1077 3250 dicitur
1142 3163 1312 3258 ipse.
1433 3161 1770 3235 Incertum
1831 3172 1972 3258 est,
2046 3167 2202 3263 quid
2267 3167 2410 3260 ἔχει
2474 3166 2833 3264 significet,

614 3264 799 3336 cuius
852 3265 1031 3338 verbi
1084 3264 1428 3362 multiplex
1482 3274 1777 3361 potestas
1830 3275 1968 3355 est3
2020 3293 2148 3340 non
2189 3277 2487 3366 apparet,
2540 3294 2657 3340 cur
2689 3266 2837 3345 αὗ-

609 3363 736 3450 τὸς
786 3367 875 3440 sit
925 3366 1250 3465 additumg,
1318 3366 1577 3438 dubium
1634 3376 1772 3459 est,
1844 3393 2010 3464 quae
2078 3370 2212 3440 sint
2262 3372 2418 3441 illae
2472 3370 2639 3442 caeli
2692 3379 2837 3442 ter-

609 3491 853 3563 raeque
905 3468 1284 3555 columnae3
1338 3467 1617 3564 denique
1671 3470 1995 3542 nescimus
2045 3468 2282 3565 ἀμφὶς
2329 3471 2625 3565 ἔχουσιν
2674 3470 2832 3568 quid

517 3569 727 3658 llsit,
784 3568 953 3664 quod
1006 3593 1128 3666 per
1177 3570 1324 3665 ipsa
1378 3570 1572 3640 verba
1625 3570 1882 3666 quidem
1935 3578 2002 3641 et
2050 3571 2424 3644 distineat
2452 3572 2830 3668 significare

608 3678 856 3765 potest,
910 3679 979 3742 et
1028 3672 1551 3743 circumcirca
1601 3682 1882 3763 tenent,
1937 3681 2005 3744 et
2052 3684 2320 3746 tenent
2362 3670 2462 3746 ab
2493 3688 2832 3775 utraque

601 3783 862 3866 parte.
986 3769 1069 3844 Si
1120 3773 1642 3850 circumcirca
1703 3774 2248 3869 interpretamur,
2321 3786 2434 3847 aut
2498 3776 2695 3873 plane
2754 3776 2827 3846 in

608 3871 883 3945 nihilum
937 3873 1344 3964 dissolvitur,
1398 3883 1511 3945 aut
1544 3882 1931 3969 portentosa
1956 3874 2036 3946 fit
2064 3874 2283 3972 imago
2313 3879 2604 3968 Alantis,
2658 3886 2829 3949 tam·-

611 3996 802 4068 quam
852 3973 1129 4045 alicuius
1182 3974 1554 4065 centimani,
1610 3976 1910 4071 quoniam
1963 3975 2129 4069 ἔχει,
2180 3986 2254 4050 ut
2304 4002 2515 4075 supra,
2554 3979 2826 4072 dictum,

611 4099 741 4146 non
792 4082 1015 4170 potest
1047 4074 1380 4150 custodit
1421 4077 1907 4176 significare.⁴)
2008 4077 2248 4151 Paullo
2288 4080 2656 4178 humanior,
2708 4081 2826 4153 sed

776 4312 842 4393 ⁴)
891 4314 990 4373 sat
1040 4317 1150 4373 scio
1192 4316 1475 4385 neminem,
1538 4320 1627 4392 qui
1668 4320 1922 4376 sermonis
1964 4317 2233 4377 Homerici
2274 4314 2654 4396 simplicitatem
2697 4320 2826 4377 bene

607 4404 860 4478 cognitam
902 4399 1085 4458 habeat
1099 4442 1120 4476 ,
1174 4418 1507 4459 assensurum
1549 4420 1670 4459 esse
1710 4402 1944 4461 Hefftero
1986 4425 2039 4482 p.
2083 4403 2226 4463 292.
2269 4405 2590 4464 contendenti
2628 4400 2826 4487 ἀμφὶς
