3192 4992
598 322 735 395 m
1145 324 1246 386 DE
1284 322 1782 387 mmm
1823 320 2281 386 OEmuco.
2406 421 2412 429 ι

600 492 782 585 dari,
826 497 905 565 ιιι
949 490 1023 563 in
1054 486 1319 587 Pythii·
1364 488 1612 565 fectum
1661 513 1812 564 esse
1852 485 2233 586 Sophocles
2264 486 2554 562 indicata
2610 512 2836 562 rernm

434 618 449 633 ³
602 596 689 669 ab
739 593 909 691 ipsis
952 591 1359 684 carceribus,
1407 592 1804 690 simulatque
1850 590 2029 663 funis
2077 599 2370 664 remotus
2419 598 2626 679 esset,
2679 612 2838 663 cur-

604 696 799 772 rendi
844 694 1091 767 factum
1137 714 1291 767 esse
1335 693 1597 767 initium
1649 718 1731 766 eo
1781 693 2285 790 cognoscimus,
2348 692 2528 789 qnod
2574 640 2864 782 Pausas

605 799 754 873 nias
803 805 874 870 et
921 793 1316 871 ἐκθέουσιν
1363 804 1433 869 et
1481 792 1866 877 ἐκθέοντες
1911 791 2251 921 γίνονται
2298 791 2491 868 κατὰ
2522 792 2700 877 τοὺς
2732 797 2838 868 εἲ·-

468 950 487 961 =
602 893 922 996 ληχότας
982 892 1288 973 ἑστάναι
1348 893 1489 993 τὴν
1548 893 1908 994 δευτέραν
1966 890 2181 980 τάξιν
2245 894 2448 987 dicit,
2525 895 2837 993 additque

606 1002 712 1077 sic
762 1007 1168 1097 exaequatos
1228 1000 1362 1072 iam
1422 1006 1567 1072 arte
1616 996 1962 1095 aurigandi
2012 1007 2082 1071 et
2130 997 2474 1071 celeritate
2523 1020 2837 1094 equorum
2890 1048 2898 1052 -

608 1103 854 1183 debere
903 1101 1265 1173 confidere.
1364 1098 1562 1173 Nunc
1611 1101 1671 1172 si
1721 1099 2060 1197 quaeritur
2125 1122 2255 1196 qua
2303 1122 2543 1171 caussa
2593 1096 2839 1172 Gleoe-

609 1212 717 1279 tas
768 1202 1081 1300 oppidum
1130 1202 1325 1275 cunei
1371 1201 1586 1274 forma
1634 1202 2108 1291 construxerit,
2156 1199 2378 1273 facilis
2420 1199 2683 1296 quidem
2714 1225 2843 1272 ex-

609 1306 886 1403 plicatio
938 1311 1141 1396 esset,
1196 1304 1258 1376 si
1309 1294 1515 1376 credi
1539 1311 1772 1399 posset
1820 1327 1955 1375 non
2002 1301 2168 1374 satis
2209 1310 2517 1375 accurate
2568 1301 2653 1373 de
2687 1302 2847 1374 mit·-

609 1406 831 1481 tondis
879 1406 1069 1502 equis
1118 1405 1468 1502 scripsisse
1517 1403 1942 1477 Pausaniam.
2041 1401 2125 1475 Id
2175 1403 2502 1500 quomodo
2552 1401 2846 1500 intelligi

612 1508 813 1581 velim
882 1531 970 1579 ex
1038 1507 1147 1580 his
1212 1506 1583 1603 apparebit.
1699 1503 1912 1580 Sorte
1976 1505 2216 1601 cuique
2277 1505 2594 1602 agitatori
2659 1528 2846 1577 suam

448 1654 491 1707 ·,
612 1611 963 1685 stationem
1030 1609 1432 1705 assignatam
1494 1629 1647 1680 esse
1709 1616 1782 1679 et
1829 1605 2203 1679 Pausaniae
2273 1606 2473 1678 verba
2519 1605 2849 1696 indicant,
2999 1618 3004 1623 “

606 1712 761 1885 eczm
731 1737 805 1783 ιιι
850 1709 1117 1889 Pybtggs
1165 1717 1451 1784 testatur
1496 1707 1918 1807 Sophocles,
1985 1730 2185 1806 quum
2233 1708 2504 1805 scripsit
2550 1709 2624 1780 in
2673 1705 2853 1781 Ele·

810 1837 850 1883 v

818 1955 1145 2049 στάντες
1175 1959 1251 2036 δ’
1310 1959 1444 2035 ὅθ’
1503 1956 1778 2045 αὐτοὺς
1828 1959 1898 2034 οἱ
1946 1958 2378 2085 τεταγμένοι
2421 1959 2725 2059 βραβῆς

815 2058 1107 2159 κλήροις
1155 2064 1430 2160 ἔπηλαν
1475 2061 1604 2137 καὶ
1650 2059 2106 2190 κατέστησαν
2153 2060 2500 2163 δίφρους,

811 2173 1089 2263 χαλκῆς
1133 2163 1321 2240 ὑπαι
1370 2158 1772 2266 σάλπιγγος
1816 2158 2028 2260 ᾖξαν.

562 2392 569 2401 ,
618 2317 1040 2415 Omninoque
1089 2317 1160 2389 id
1209 2341 1321 2389 res
1370 2317 1520 2414 ipsa
1554 2316 1938 2421 flagitabat,
1986 2340 2072 2388 ne
2119 2316 2378 2413 gratiae
2412 2324 2528 2390 aut
2564 2316 2854 2391 invidiae

617 2422 831 2496 locus
862 2428 1066 2511 esset,
1119 2418 1296 2515 quod
1346 2412 1657 2492 sinistrae
1707 2418 2029 2491 stationes
2080 2426 2155 2490 ιιι
2200 2419 2271 2489 in
2326 2418 2628 2491 breviore
2653 2442 2853 2491 cursu

621 2522 989 2595 faciliorem
1039 2521 1396 2594 redderent
1444 2521 1817 2594 victoriam.
1917 2517 2003 2592 In
2029 2517 2291 2614 Pythiis
2334 2516 2660 2616 quomodo
2704 2520 2857 2592 col-

620 2623 829 2696 locati
875 2622 1124 2695 fuerint
1174 2646 1407 2694 currus
1454 2623 1783 2694 nescimus
1799 2670 1825 2711 ,
1891 2620 2012 2693 sed
2071 2621 2343 2693 iunctim
2394 2623 2661 2695 stetisse
2714 2622 2855 2694 veri

623 2724 842 2797 simile
893 2731 1023 2794 est.
1122 2720 1476 2818 Olympiae
1527 2746 1723 2819 quum
1776 2723 2027 2819 optima
2074 2722 2410 2797 videretur
2436 2748 2663 2796 eorum
2699 2748 2856 2796 sors

624 2848 818 2914 esse,
885 2823 1000 2919 qui
1049 2822 1374 2919 utrimque
1437 2824 1690 2920 primos
1751 2823 1837 2895 ab
1886 2824 2126 2897 rostris
2174 2847 2478 2898 carceres
2525 2834 2854 2916 tenerent,

624 2933 729 2999 ιιι·
763 2924 1114 3021 propiores
1179 2924 1245 2996 ei
1306 2926 1460 2998 loco
1523 2925 1593 2998 in
1662 2950 1791 3022 qno
1855 2926 2321 3001 decertandum
2367 2936 2587 3019 esset,
2656 2928 2858 3001 facile
2931 2992 2935 3007 .

445 3106 453 3115 ,
530 3027 779 3125 l2quis
830 3026 1144 3100 coniiciat
1190 3049 1274 3099 eo
1326 3029 1698 3100 consultum
1747 3051 1898 3100 esse
1948 3026 2292 3124 aequitati,
2341 3037 2420 3103 ut
2456 3054 2588 3127 quo
2617 3029 2857 3126 cuique

624 3129 917 3226 iniquior
966 3152 1115 3202 sors
1166 3128 1545 3225 obtigisset,
1615 3153 1698 3202 eo
1746 3128 1808 3201 is
1858 3129 2196 3203 meliorem
2246 3129 2690 3204 conditionem
2740 3154 2861 3204 ao-

624 3232 924 3330 ciperet,
974 3230 1518 3327 mitterfflturque
1567 3232 1782 3327 primo
1828 3231 2113 3303 extremi
2161 3230 2310 3329 dno,
2342 3233 2860 3329 longissimeque

624 3333 712 3406 ab
762 3340 984 3406 rostro
1034 3333 1300 3425 remoti,
1354 3341 1424 3405 et
1471 3333 1573 3406 sic
1623 3356 1885 3431 semper
1933 3332 2071 3404 bini
2113 3334 2220 3405 vel
2264 3335 2590 3431 quaterni,
2639 3333 2861 3407 ultimi

627 3443 851 3508 antem
912 3431 1020 3506 illi
1084 3435 1200 3530 qui
1261 3442 1483 3507 rostro
1535 3442 1761 3507 essent
1806 3434 2123 3531 proximi.
2224 3434 2336 3507 Ita
2383 3460 2546 3509 sane
2593 3435 2862 3509 facilior

626 3536 867 3609 fnisset
912 3537 1194 3609 certatio
1210 3586 1236 3627 ,
1302 3535 1903 3654 excludereturqae
1963 3536 2135 3609 illud
2197 3537 2372 3634 qnod
2422 3561 2626 3635 supra
2673 3537 2864 3611 dice-

626 3637 805 3730 han,
852 3646 929 3710 nt
977 3637 1266 3711 dubitari
1311 3638 1559 3735 possit,
1606 3661 1691 3710 an
1737 3661 1940 3710 unum
1986 3639 2305 3717 mrriculi
2348 3640 2525 3711 latus
2575 3639 2865 3758 quadra-

630 3737 820 3835 ginta
882 3748 952 3812 et
1011 3738 1299 3814 fortasse
1354 3739 1712 3859 nliqmndo
1773 3740 1974 3812 etiam
2023 3740 2256 3837 plures
2303 3739 2660 3839 quadrigas
2707 3741 2863 3813 iun-

630 3841 793 3914 etin
857 3849 1198 3914 currentes
1258 3842 1545 3939 cepem.
1643 3839 1906 3915 Verum
1964 3842 2094 3914 etsi
2141 3842 2308 3917 haec
2368 3867 2494 3940 per
2541 3866 2618 3916 se
2667 3839 2862 3914 valde

631 3942 997 4041 pmbabilis
1056 3943 1422 4040 explicatio
1486 3951 1636 4036 est,
1717 3951 1977 4035 tamen,
2062 3964 2260 4041 quum
2326 3968 2541 4042 neque
2597 3950 2864 4019 constet

632 4052 881 4143 qna-tn
922 4044 1208 4118 latitudo
1256 4044 1679 4143 hippodromi
1726 4044 1969 4136 fuerit,
2031 4054 2103 4119 et
2163 4053 2439 4120 cunctos
2487 4046 2688 4120 m‘mnl
2735 4069 2865 4119 ex-

633 4146 924 4220 eni-risse
975 4154 1207 4244 aperte
1252 4147 1590 4249 significet
1636 4146 2046 4240 Parmenios,
2124 4172 2259 4221 non
2306 4148 2568 4221 videtur
2611 4156 2863 4221 temere

1085 4272 1281 4343 esoe,
1341 4251 1737 4348 pnmrtim
1800 4274 1999 4407 quum
2047 4250 2247 4324 etiam
2291 4250 2366 4323 iu
2412 4249 2680 4347 Pythiis
2728 4273 2862 4322 nno
