3192 4992
735 343 833 403 DE
876 339 1247 403 AESCHYLI
1287 341 1667 403 TmLossns
1710 341 2107 404 THEBANIS.
2416 341 2549 412 m

330 481 585 582 occisos
650 507 899 581 nullius
962 508 1368 605 reliquorum
1430 508 1665 581 dueum
1745 489 2051 583 interitus
2119 519 2540 606 memoratur,

328 608 691 705 bellumque
755 632 890 682 ιιοιι
953 610 1414 707 profligatum,
1494 609 1613 682 sed
1677 610 1890 708 primo
1957 619 2206 683 tantum
2240 611 2542 685 hostium

323 710 567 808 impetu
616 712 944 883 repulsov
927 711 1124 784 salva
1173 711 1386 783 adhue
1435 711 1593 784 urbs
1637 735 1786 785 esse
1813 713 2096 786 videtur.
2197 711 2322 787 Sic
2371 716 2545 788 enim

322 810 525 883 refert
571 813 851 885 nuncius
947 812 1196 887 ..799

569 958 778 1045 πόλις
825 961 1188 1064 πέφευγεν
1234 942 1366 1059 ἥδε
1417 957 1720 1037 δούλιον
1771 959 2020 1064 ζυγόν.

572 1062 947 1138 πέπτωκεν
997 1063 1304 1159 ἀνδρῶν
1354 1063 1755 1161 ὃμβρίμων
1801 1061 2326 1161 κομπάσματα,

339 1169 388 1229 Ὀ
574 1162 780 1248 πόλις
828 1163 901 1239 δ’
960 1167 1043 1240 ἐν
1090 1163 1304 1263 εὐδίᾳ
1351 1193 1454 1254 τε,
1504 1164 1632 1239 καὶ
1679 1165 2100 1241 κλυδωνίου

572 1267 909 1341 πολλαῖσι
958 1272 1265 1396 πληγαῖς
1314 1267 1586 1341 ἄντλον
1638 1266 1774 1341 οὐκ
1822 1266 2136 1352 ἐδέξατο.

573 1367 807 1469 στέγει
856 1366 940 1443 δε
976 1366 1290 1470 πύργος,
1338 1366 1466 1442 καὶ
1513 1363 1749 1451 πύλας
1799 1366 2229 1497 φερεγγύοις

571 1464 1113 1567 ἐφραξάμεσθα
1160 1464 1655 1564 μονομάχοισι
1702 1493 2168 1567 προσταταις.

570 1577 813 1655 καλῶς
861 1573 1003 1667 ε’χει
1051 1569 1146 1645 τὰ
1196 1570 1472 1644 πλεῖστ
1532 1572 1615 1648 ἐν
1666 1570 1745 1656 ἓξ
1789 1568 2254 1668 πυλιόμασιν.

313 1720 436 1796 Ex
483 1721 591 1796 his
640 1723 803 1796 lieet
852 1723 1204 1815 eoniieere,
1256 1715 1328 1796 ἰιι
1375 1732 1712 1821 postrema
1763 1723 2130 1821 tragoedia,
2186 1749 2315 1821 qua
2341 1723 2539 1798 finem

316 1823 480 1897 belli
534 1824 858 1898 contineri
910 1824 1294 1922 oportebat,
1366 1825 1781 1922 reliquorum
1832 1825 2068 1899 ducum
2119 1835 2404 1918 mortes,
2470 1825 2540 1898 iu

312 1923 533 2026 iisqne
585 1923 874 2023 Capanei
945 1925 1396 2023 potissimum,
1462 1951 1613 2000 esse
1663 1935 2004 1999 tractatas.
2114 1928 2222 2001 Ae
2273 1927 2354 2001 de
2405 1925 2545 2000 Ca-

310 2050 564 2134 paneo
580 2026 828 2124 aliquid
892 2027 1210 2126 scriptum
1273 2027 1400 2100 fuit
1462 2029 1533 2100 in
1599 2029 2094 2134 corruptissimo
2147 2029 2540 2125 fragmento,

259 2129 266 2135 ’
312 2125 508 2225 quod
542 2153 629 2201 ex
678 2129 951 2225 Argivis
976 2130 1280 2256 petitum
1330 2136 1638 2255 putatur,
1690 2131 1860 2227 apud
1913 2128 2381 2226 Etymologmu
2431 2130 2540 2204 M.

308 2253 384 2328 p.
419 2232 598 2324 341,
650 2233 726 2307 6.
778 2225 1148 2357 ενηλύσια,
1202 2229 1568 2326 εὐκίνητά.
1669 2229 1797 2305 καὶ
1843 2230 2107 2325 ἤλυσιν
2155 2228 2293 2327 τὴν
2342 2227 2542 2304 ε’λευ-

311 2353 458 2406 σιν.
562 2326 932 2425 Αἰσχύλος
981 2333 1062 2405 ἐν
1099 2327 1469 2430 Ἀργείοις·
1574 2327 1969 2412 Καπανεύς
2015 2358 2166 2425 μου
2206 2328 2544 2404 καταλεί-

308 2459 525 2515 πεται
576 2436 854 2515 λοιποῖς
905 2431 1307 2525 ἅκεραυνος
1346 2425 1695 2558 ἀρούρων
1726 2428 2139 2528 ἑπηλυσίων
2175 2419 2537 2505 ἀπέλιπεν.

309 2535 383 2607 οἳ
433 2530 521 2608 δε
571 2530 665 2606 τὰ
715 2530 1359 2659 κατασκηφθεντα
1429 2529 1665 2614 ούτως
1714 2535 1815 2615 εἰς
1853 2529 1939 2606 τὸ
1982 2525 2386 2629 ῥητορικόν.
2439 2536 2542 2616 εἶς

305 2632 392 2709 δε
447 2631 625 2717 τους
673 2628 1163 2759 ἑτυμυλόγους
1197 2624 1431 2762 εὗρον
1480 2636 1581 2715 εἶς
1616 2633 1666 2705 ἃ
1699 2631 2056 2729 κεραυνὸς
2095 2631 2579 2742 εἶςβέβηκεν,

305 2734 357 2810 ἃ
420 2732 558 2810 καὶ
608 2732 1045 2809 ἀνατίθεται
1093 2729 1226 2807 Διῒ
1281 2728 1697 2830 καταιβάτῃ
1762 2732 1888 2807 καὶ
1949 2731 2230 2834 λεγεται
2294 2729 2538 2807 ἄδυτα

304 2835 433 2914 καὶ
491 2836 762 2932 άβατα.
863 2835 988 2910 Sic
1039 2836 1242 2909 edidit
1294 2834 1728 2963 δμὴιιιςίιιεξ
1802 2835 1920 2907 sed
1972 2836 2174 2909 editio
2225 2836 2534 2954 princeps

305 2949 375 3013 et
421 2939 676 3012 Aldina
774 2963 848 3010 ro
901 2932 1247 3035 ἇρούρων
1296 2937 1537 3008 habent
1586 2931 1905 3036 ἇρόρων.
2005 2935 2416 3009 Welekerus
2465 2938 2537 3012 in

233 3023 248 3040 Ι
305 3040 592 3114 Dim-nis
658 2964 1076 3112 soffiolasticis
1139 3063 1206 3110 a.
1280 3042 1499 3113 1832.
1566 3061 1641 3133 p.
1705 3040 1880 3112 230.
1956 3037 2272 3133 Aeschyli
2342 3038 2536 3110 verba

306 3142 409 3219 sie
462 3141 715 3239 scripta
761 3140 1146 3239 proposuit·

613 3273 1009 3356 Καπανεὺς
1053 3271 1194 3369 μεν
1240 3270 1770 3359 καταλείπεται,

616 3377 903 3472 λοιβαῖς
952 3376 1001 3447 ἃ
1050 3375 1404 3471 κέραυνος
1455 3369 1802 3473 ἆρούρων

617 3474 1024 3574 ενηλυσίων
1077 3476 1396 3552 ἀπέλιπε.

312 3616 502 3710 Quae
556 3614 788 3710 quibus
840 3612 1125 3685 numeris
1180 3635 1433 3708 quaque
1485 3609 1809 3682 sententia
1861 3632 2008 3680 esse
2047 3608 2349 3700 voluerit,
2403 3604 2631 3706 ego20

310 3743 446 3792 non
498 3716 869 3814 expediam.
969 3713 1144 3785 Mihi
1198 3714 1498 3809 quidem,
1571 3710 1745 3809 quod
1798 3712 1902 3782 vel
1965 3710 2273 3782 Pauwius
2338 3711 2528 3805 vidit,
2740 3717 2750 3729 '

315 3841 546 3891 versus
601 3817 899 3889 videntur
948 3815 1350 3912 anapaestici
1399 3813 1647 3885 fuisse.
1699 3811 1816 3884 sed
1868 3812 2160 3909 corrupti
2215 3821 2366 3886 sunt
2407 3814 2527 3905 ita,

316 3929 391 3994 ιιι
440 3942 674 3991 verear
736 3942 818 3989 ne
885 3917 1025 3988 sine
1074 3916 1368 3988 melioris
1426 3916 1582 3986 libri
1632 3913 1881 3986 auxilio
1935 3939 2063 3985 non
2114 3915 2370 4011 possint
2415 3939 2530 3986 re-

319 4022 527 4095 stitui.
629 4018 714 4094 Si
764 4028 979 4092 tameu
1021 4019 1460 4108 coniecturae,
1513 4025 1587 4088 ut
1628 4040 1801 4088 nune
1841 4015 2039 4087 verba
2075 4016 2320 4112 scripta
2349 4025 2525 4107 sunt,

317 4125 504 4200 loeus
554 4129 683 4216 est,
737 4120 821 4194 ad
870 4121 1040 4195 hune
1087 4119 1227 4193 fere
1278 4117 1540 4192 modum
1588 4118 1801 4190 factos
1852 4116 2055 4190 fuisse
2108 4118 2404 4189 eredam=

1168 4255 1252 4330 ἐν
1283 4239 1688 4383 ’Ἀργείοις

565 4354 955 4440 Καπανεὺς
1000 4353 1143 4453 μὲν
1191 4352 1291 4432 αν
1339 4354 1498 4429 ἀλλ’
1558 4350 1810 4438 ἑπέτας
1858 4354 2133 4435 λοιποῖς

400 4468 2118 4544 nnn.01·.v11.o
