3192 4992
678 410 689 423 ,
768 375 974 438 FATA
1014 375 1257 451 A1A01s
1296 378 1400 435 ET
1442 374 1721 436 'runem
1764 345 2207 438 comacum.
2353 324 2359 329 ’
2468 372 2596 441 377

373 546 622 645 ραν’ῷ
641 571 659 589 ·
722 541 918 643 ’ἀλλὰ
967 539 1160 618 κατὰ
1226 539 1592 637 συστολὴν
1621 538 1844 639 -παρὰ
1896 544 2291 638 Σοφοκλεῖ.
2351 542 2597 616 -Attu-

372 651 545 721 lerat
594 648 762 719 hanc
817 646 1303 717 adnotationem
1343 646 1572 740 paullo
1606 645 2003 716 aliis‘verbis
2033 646 2342 740 scriptam
2373 643 2600 716 Brun·-

375 751 565 823 ckius
613 751 686 819 in
736 748 959 819 lexico
1012 745 1395 842 Sophocleo
1463 770 1550 817 ex
1598 745 1969 818 Herodiani
2017 740 2189 818 libro
2239 745 2383 817 Ms.
2436 743 2601 843 περὶ

375 844 748 945 διχρόνων
799 856 867 920 et
915 849 1228 923 macone
1281 846 1770 921 Stratonicensi
1820 857 1956 919 tum
2007 848 2300 938 inedito,
2368 850 2602 943 quibus

374 962 609 1050 postea
660 958 1083 1023 accesserunt
1131 951 1400 1045 regulae
1458 949 1539 1020 de
1588 950 1905 1045 prosodia
1957 972 1997 1020 a
2046 973 2148 1020 me
2202 949 2462 1021 additae
2514 950 2604 1020 li-

374 1054 494 1125 hro
547 1054 629 1125 de
681 1051 1080 1123 emendanda
1132 1052 1388 1122 ratione
1429 1049 1734 1124 Graecae
1784 1050 2280 1169 grammaticae.
2374 1049 2457 1123 In
2498 1051 2603 1123 his

375 1181 446 1252 p.
498 1157 676 1228 444.
731 1162 800 1226 et
849 1153 1021 1279 apud
1071 1151 1447 1224 Draconem
1511 1155 1938 1248 p.35,11.
2014 1161 2208 1249 atque
2258 1152 2326 1224 in
2379 1152 2607 1224 Hero-

377 1257 557 1328 diani
618 1256 749 1326 isto
815 1282 981 1351 περι
1042 1249 1416 1351 διχρόνων
1477 1254 1691 1344 libro,
1775 1254 1887 1351 qui
1950 1278 2122 1325 nunc
2185 1255 2256 1325 in
2307 1252 2607 1327 Crameri

376 1356 744 1429 Anecdotis
796 1358 931 1426 vol.
967 1354 1111 1427 III.
1166 1356 1381 1427 editus
1434 1363 1560 1446 est,
1615 1381 1686 1453 p.
1739 1356 1914 1446 295,
1969 1358 2094 1430 13.
2147 1355 2276 1427 ista
2328 1356 2609 1427 adnota'-

379 1460 475 1530 tio
530 1483 615 1529 ex
655 1483 786 1529 uno
823 1457 1180 1554 eodemque
1216 1457 1396 1529 fonte
1430 1408 1662 1531 iisdem
1699 1458 1916 1528 verbis
1947 1457 2194 1553 scripta
2227 1467 2365 1529 est·
2420 1457 2622 1582 ἀνα--ς

381 1554 793 1660 λογιότερόν
826 1560 977 1631 ἐστι
1011 1566 1147 1632 τοῦ
1181 1556 1628 1641 ἐκτείνοντος
1659 1555 1745 1631 τὸ
1782 1587 1855 1646 α,
1909 1555 2010 1641 ὥς
2037 1556 2214 1654 παρ’
2256 1552 2608 1684 Azoxzjzfo

383 1663 465 1736 ἐν
515 1658 1055 1755 Σαλαμινίαις,
1122 1657 1327 1754 ἐμοὶ
1390 1658 1765 1760 γένοιτο
1832 1667 2127 1757 φᾶρος
2188 1656 2401 1734 ἶσον
2467 1657 2610 1732 οὐ-

386 1769 674 1859 ρανιῢ,
765 1762 892 1833 nisi
959 1758 1130 1858 quod
1197 1762 1468 1858 regulae
1551 1762 1633 1833 de
1699 1762 2012 1858 prosodia
2076 1762 2145 1832 in
2204 1763 2611 1833 'contrariam

385 1865 783 1936 sententiam
822 1859 909 1936 τὸ
957 1860 1300 1938 ἐκτείνειν
1349 1861 1436 1935 τὸ
1488 1891 1557 1937 α.
1662 1862 2063 1959 Corruptum
2116 1887 2261 1934 esse
2294 1856 2611 1957 Αοεοίι)1ἰ

384 1986 683 2055 versum,
751 1964 924 2061 quod
987 1966 1228 2060 tragici
1291 1990 1422 2036 non
1487 1962 1657 2039 ἶσον
1720 1965 2042 2062 producta
2098 1966 2310 2061 prima
2362 1965 2612 2053 dicant,

383 2067 633 2138 monuit
680 2065 1022 2137 Porsouus
1074 2066 1158 2137 ad
1199 2064 1431 2138 Orest.
1483 2068 1558 2141 9.
1663 2065 1802 2138 Sed
1858 2066 2140 2137 dialecto
2196 2067 2455 2161 quidem
2506 2066 2614 2136 ius

383 2191 571 2238 sunm
634 2167 924 2259 restituit
988 2169 1359 2263 scriptura,
1430 2192 1598 2264 quae
1667 2169 1739 2239 in
1803 2167 1975 2238 libro
2026 2164 2191 2264 περὶ
2241 2162 2614 2263 μονήρους

358 2268 634 2353 ,λέξεως
684 2276 832 2340 est:

636 2421 707 2491 εἴ
748 2445 878 2514 μοι
926 2417 1214 2521 γένοιτο
1265 2424 1507 2515 φᾶρος
1552 2421 1724 2493 ἴσον
1772 2420 1855 2494 ἓν
1905 2417 2241 2517 οὐρανῷ·
2617 2402 2752 2486 15-

386 2593 613 2643 verum
681 2570 1068 2641 sententiam
1134 2569 1366 2642 horum
1431 2572 1819 2662 verborum,
1900 2571 2030 2644 nisi
2095 2568 2380 2665 repertis
2448 2589 2615 2663 quae

387 2672 829 2824 sequebagtul
841 2722 868 2764 ,
938 2672 1084 2768 quis
1137 2673 1311 2743 ausit
1357 2672 1454 2744 ita
1507 2672 1937 2746 coniectando
1990 2672 2281 2769 assequi,
2335 2678 2408 2741 ut
2457 2693 2618 2766 per-

386 2773 696 2847 suadeat.

590 2898 882 2972 Videtur
931 2898 1102 2971 hanc
1152 2923 1410 2995 quoque
1458 2898 1777 2994 Aeschyli
1841 2899 2247 2996 tragoediam
2301 2871 2616 2994 superare

389 3002 679 3076 voluisse
731 2999 1107 3096 Sophocles
1159 3000 1431 3072 Teucro
1484 3001 1691 3091 edito,
1746 3002 1932 3072 cuins
1983 3000 2112 3072 tria
2163 3007 2429 3073 exstant
2477 2999 2620 3069 fra-

389 3111 693 3231 gmenta:
760 3126 959 3172 unum
1010 3101 1183 3197 apud
1235 3100 1661 3224 Stephanum
1697 3101 1865 3196 Byz.
1918 3105 2314 3197 Κυχρεῖος,
2384 3093 2621 3199 πάγος

387 3200 554 3302 περὶ
587 3206 1015 3299 Σαλαμῖνα.
1090 3207 1484 3298 Σοφοκλῆς
1520 3197 1838 3299 Τεύκρῳ.
1911 3200 2337 3277 Secundum
2307 3226 2387 3272 m
2420 3201 2622 3273 scho-

389 3308 503 3379 liis
555 3306 637 3378 ad
688 3305 1158 3400 Aristophanis
1208 3303 1496 3376 Nuhium
1548 3329 1614 3376 v.
1666 3307 1843 3379 583.
1900 3302 2107 3402 παρὰ
2154 3299 2252 3376 τὰ
2301 3303 2382 3376 ἐκ
2439 3295 2621 3374 Τεύ-
2717 3388 2728 3397 ⁹

388 3435 575 3508 κρου
629 3404 1104 3506 Σοφοκλέους
1256 3472 1261 3483 ,
1497 3452 1545 3481 ..
2345 3438 2350 3444 ·

1335 3571 1338 3574 ’
1404 3555 1735 3653 οὐρανοῦ
1785 3553 1860 3630 δ’
1923 3555 2070 3630 ἄπο

644 3659 1005 3757 ἤστραψε,
1055 3655 1339 3756 βροντὴ
1392 3655 1467 3732 δ’
1528 3654 1793 3760 ἑρῥαγη
1844 3656 1944 3732 δι’
2007 3657 2403 3755 ἀστραπῆς.

395 3813 706 3886 Tertium
781 3810 952 3907 apud
1006 3808 1365 3883 Stobaeum
1419 3809 1740 3884 CXXII.
1797 3813 1918 3886 Ιθ.
1981 3807 2373 3881 Telamonis
2424 3804 2624 3878 verba
2673 3781 2689 3795 .

392 3916 623 3990 Aiacis
677 3916 926 3988 obitum
973 3913 1265 4011 lugentis
1316 3913 1680 4010 praebens.
1905 3954 1916 3967 ·

1106 4061 1208 4146 ὥς
1256 4062 1412 4160 ἄρ’,
1467 4057 1529 4136 ὦ
1578 4060 1863 4150 τέκνον,
1914 4057 2136 4156 κενὴν

649 4160 1058 4264 ἐτερπόμην
1109 4172 1246 4239 σοῦ
1294 4163 1559 4262 τέρψιν
1610 4161 2149 4291 εὐλογουμένου

534 4302 539 4309 ·
652 4268 755 4352 ὥς
806 4267 1117 4358 ζῶντος·
1183 4267 1230 4362 ἢ
1282 4265 1358 4341 δ’
1419 4265 1542 4362 ἄρ’
1604 4268 1687 4347 ἐν
1736 4261 1975 4361 σκότῳ
2026 4256 2374 4343 λαθοῦσά
2420 4286 2515 4357 με

651 4369 901 4446 ἐσαινῖ·
932 4366 1222 4470 Ἐρινὺς
1272 4365 1610 4465 ἡδοναῖς
1630 4365 2112 4466 ἐψευσμένον.
