3192 4992
1119 362 1235 423 DE
1297 361 1752 425 ATLANTB.
2416 365 2544 435 255

485 528 645 603 Ἰιέο
691 538 973 602 amem
1017 524 1239 602 nobie
1288 551 1594 630 semper
1639 527 2006 623 sublimio,
2057 545 2156 609 at
2192 531 2415 609 s’lhem

513 626 654 703 mh
676 626 1012 731 pedibus
1037 654 1215 703 noa:
1239 642 1432 703 atra
1456 630 1667 705 undet
1686 657 2116 736 monesque
2132 636 2538 739 profundi.

307 780 710 854 Aristoteles
773 780 843 852 in
909 773 1081 853 libro
1151 775 1232 853 de
1282 790 1465 852 motu
1516 781 1889 860 animalium
1956 811 2105 883 cap.
2159 788 2232 862 3.
2284 790 2420 861 vol.
2471 783 2536 863 Ῑ.

303 911 377 984 p.
441 884 621 958 699.
687 907 751 955 a.
822 881 929 953 ed.
995 879 1221 954 Bekk.
1293 880 1363 955 οἱ
1433 878 1516 956 δὲ
1579 887 1929 978 μυθικῶς
1995 886 2131 963 τὸν
2174 879 2537 966 ’Ἄτλαντα

305 990 690 1067 ποιοῦντες
740 981 855 1057 ἐπὶ
906 988 1035 1078 τῆς
1097 990 1232 1084 γῆς
1263 985 1324 1077 ⁵)
1394 982 1658 1079 ἔχοντα
1722 983 1897 1071 τοὺς
1959 984 2196 1074 πόδας
2244 987 2538 1075 δόξαιεν

305 1081 403 1161 ἄν
456 1084 604 1159 ἀπὸ
658 1082 994 1167 διανοίας
1043 1083 1402 1181 εἰρηκέναι
1453 1082 1588 1160 τὸν
1620 1090 1907 1181 μῦθον,
1960 1087 2062 1173 ὥς
2095 1097 2366 1172 τοῦτον
2401 1092 2540 1178 ὥς·-

301 1215 437 1283 περ
493 1183 895 1284 διάμετρον
947 1185 1127 1260 ὄντα
1177 1183 1305 1260 καὶ
1357 1185 1772 1284 στρέφοντα
1823 1188 1957 1266 τὸν
2008 1189 2337 1290 οὐρανὸν
2374 1189 2539 1292 περὶ

299 1287 480 1373 τοὺς
528 1286 817 1372 πόλους.
921 1293 1144 1361 τοῦτο
1194 1285 1270 1362 δ’
1331 1284 1431 1362 ἄν
1482 1288 1889 1386 συμβαίνοι
1919 1290 2111 1366 κατὰ
2144 1290 2369 1397 λόγον
2408 1285 2537 1369 διὰ

299 1387 389 1465 τὸ
440 1387 581 1487 τὴν
627 1397 772 1493 γῆν
819 1387 1093 1485 μένειν.
1196 1389 1434 1463 Altera
1483 1391 1658 1490 apud
1708 1392 2105 1491 Aeschylum
2156 1396 2224 1468 iu
2255 1395 2538 1469 Prome-

300 1489 1060 1666 theoteommemoratio
1135 1500 1239 1564 est
1331 1517 1397 1564 v.
1464 1494 1642 1566 425.
1726 1494 1855 1569 hoc
1927 1497 2120 1576 modo
2205 1497 2278 1571 iu
2345 1496 2534 1573 libris

299 1619 482 1692 scrip
515 1618 597 1666 a:

608 1738 849 1840 μόνον
893 1741 993 1840 δὴ
1042 1737 1378 1840 πρόσθεν
1427 1744 1657 1819 ἄλλον
1702 1745 1788 1821 ἐν
1835 1741 2089 1832 πόνοις
2152 1745 2157 1754 ’

604 1843 912 1940 δαμέντ’
971 1842 1602 1939 ἀδαμαντοδέτοις

616 1952 896 2021 Τιτᾶνα
944 1942 1209 2040 λύμαις
1253 1943 1633 2041 εῑςιδόμαν
1684 1948 1892 2024 θεῶν

513 2125 517 2129 Α
583 2047 980 2137 unwan
1031 2043 1111 2130 ὃς
1161 2044 1321 2123 αἰὲν
1367 2046 1733 2145 ὑπέροχον
1784 2050 2055 2135 σθένος

600 2146 958 2244 κραταιὸν
1006 2144 1362 2244 οὐράνιον
1408 2178 1488 2223 τε
1536 2147 1767 2225 πόλον

600 2245 869 2333 νώτοις
915 2247 1413 2340 ὑποστενάζει.

288 2396 796 2502 Ὗποστεγάζει
860 2400 1272 2473 scribendum
1342 2424 1489 2472 esse
1560 2401 1694 2473 alio
1759 2401 1910 2474 loco
1977 2401 2144 2476 dixi.
2278 2403 2531 2501 Aperte

297 2528 460 2576 vero
516 2513 893 2599 corruptum
948 2511 1051 2576 est
1098 2496 1482 2598 κραταιόν,
1537 2528 1859 2600 quumque
1892 2505 2075 2576 credi
2119 2530 2251 2577 non
2290 2506 2531 2604 possit,

302 2601 373 2676 iu
450 2605 681 2677 eadem
747 2604 1090 2700 tragoedia
1155 2604 1546 2690 dissensisse
1612 2605 1692 2675 ab
1756 2629 1830 2677 se
1894 2606 2042 2702 ipso
2104 2606 2530 2703 Aeschylum,

305 2716 531 2778 terrae
597 2707 989 2783 mentionem
1055 2706 1124 2777 iu
1190 2714 1502 2802 corrupto
1570 2703 1701 2777 isto
1755 2706 2073 2778 vocabulo
2124 2706 2364 2780 factam
2415 2732 2534 2781 su-

307 2807 561 2906 spicari
612 2808 960 2900 debemus,
1029 2808 1167 2879 sive
1217 2803 1351 2880 τὸν
1399 2801 1647 2908 γᾶϊον,
1712 2807 1851 2878 sive
1901 2801 2311 2909 καταγάϊον
2360 2807 2550 2882 scri-·

302 2910 468 3008 psit.
572 2907 681 2982 Ad
750 2934 895 2980 eum
959 2909 1176 2981 locum
1225 2907 1618 2980 scholiastes
1668 2905 1810 2979 Ms.
1858 2907 2115 2992 ’Ἀτλας
2178 2906 2260 2983 δὲ
2312 2907 2633 3007 ἄλλη-15
2716 2941 2721 2952 “

302 3017 624 3114 γορικῶς
675 3008 715 3083 ὃ
766 3009 968 3094 ἄξων
1018 3001 1210 3096 ἐστί,ἱ
1249 3005 1658 3106 διακρίνων
1704 3008 1790 3082 τὸ
1840 3007 1985 3083 ὑπὸ
2014 3016 2162 3109 γῆν
2192 3009 2317 3085 καὶ
2346 3007 2530 3109 ὗπὲρ

304 3119 440 3212 γῆς
487 3109 1000 3209 ἡμισφαίριον.
1101 3110 1200 3184 Et
1255 3110 1433 3208 ‘idem
1497 3111 1723 3207 paullo
1776 3111 2095 3183 iuferiusz
2158 3108 2392 3195 κίονες
2446 3109 2530 3186 δὲ

310 3213 438 3298 οὓς
489 3211 531 3288 ὃ
585 3213 787 3298 ἄξων
836 3203 1051 3295 οὗτος
1098 3209 1418 3305 κατέχει,
1492 3210 1531 3284 ὅ
1580 3207 1874 3308 βόρειος
1935 3208 2154 3294 πόλος
2201 3211 2357 3285 ἐστὶ
2402 3209 2532 3287 καὶ

307 3311 347 3387 ὅ
400 3310 647 3402 νότιος
697 3315 768 3388 οἳ
816 3309 1047 3417 γαῖάν
1095 3341 1173 3386 τε
1222 3310 1347 3386 καὶ
1400 3309 1727 3409 οὐρανὸν
1779 3310 2014 3410 ἀμφὶς
2053 3312 2518 3418 ἔχουσι’ὶκαθ*

277 3412 640 3513 (Όμηρον.
743 3414 1132 3512 Comparari
1183 3439 1325 3486 cum
1379 3413 1484 3486 his
1535 3423 1812 3511 possunt
1863 3439 2026 3512 quae
2077 3417 2147 3486 iu
2190 3415 2529 3496 Aristote-

296 3517 434 3590 lieo
485 3519 658 3589 libro
712 3518 793 3589 de
844 3516 1083 3589 mundo
1138 3542 1201 3590 c.
1255 3519 1328 3589 2.
1383 3529 1536 3587 suut
1586 3516 1919 3614 exposita.

505 3651 692 3745 Quae
744 3651 825 3722 de
874 3650 1211 3743 Homero,
1287 3650 1368 3724 de
1416 3649 1759 3743 Hesiodo,
1827 3621 1908 3722 de
1958 3647 2292 3746 Aeschylo
2343 3649 2524 3726 dixi-

302 3776 444 3827 mus
494 3778 627 3830 non
681 3753 875 3826 modo
938 3754 1138 3850 longe
1203 3750 1436 3845 aliam,
1503 3776 1697 3848 quam
1744 3751 2049 3828 Hefftero
2117 3752 2328 3824 visum
2393 3762 2522 3846 est,

302 3849 560 3930 fabulae
611 3854 954 3928 historiam
1002 3856 1344 3953 aperiunt,
1410 3854 1529 3928 sed
1580 3876 1724 3928 eam
1787 3853 1984 3926 etiam
2048 3853 2253 3927 multo
2304 3855 2527 3934 verio-
2626 3863 2633 3876 ¹

315 4189 318 4198 .
473 4137 533 4226 ε)
586 4144 655 4205 Ε.
699 4143 999 4206 Gerhardus
1040 4149 1096 4205 in
1136 4145 1309 4203 libello
1353 4147 1435 4203 eui
1477 4141 1698 4201 indicem
1731 4143 1857 4201 fecit
1886 4139 2242 4203 Archemoros
2280 4147 2400 4204 und
2433 4147 2524 4204 die

306 4227 649 4303 Hesper-iden
690 4251 742 4309 p.
777 4227 878 4291 35.
921 4251 1075 4308 quum
1121 4232 1219 4288 sibi
1260 4249 1439 4308 parum
1485 4228 1651 4286 firmis
1694 4232 2009 4306 argumentis
2050 4233 2395 4306 persuasisset
2428 4225 2524 4286 At·

323 4322 488 4372 autem
531 4315 686 4394 pedes
728 4319 825 4375 suh
858 4322 996 4375 terra
1035 4314 1306 4373 habentem
1350 4334 1381 4371 a
1424 4311 1726 4390 quibusdam
1760 4312 1932 4369 fictum
1961 4331 2093 4382 esse,
2135 4305 2256 4371 ὑπὸ
2278 4311 2387 4388 τῆς
2412 4311 2524 4391 γῆς

308 4400 628 4460 mendum
646 4409 831 4478 putat.
913 4400 996 4459 Eo
1037 4400 1165 4458 nihi
1203 4402 1427 4478 perverti
1464 4397 1670 4456 videtur
1707 4396 2008 4457 Aristotelis
2046 4399 2439 4476 argumentatio.
