3192 4992
706 336 793 403 96
1103 403 1108 408 ,
1136 338 1239 399 DE
1270 335 1631 426 QUINQUE
1663 337 2037 399 lUDICIBUS
2073 335 2512 436 PORTARUM.
2632 430 2644 446 κ

669 505 854 578 .beri
901 525 1062 588 esse¹
1101 502 1422 595 videmur,
1471 503 1797 577 servimus
1844 504 1957 577 vel
2006 503 2330 596 maxime,
2376 510 2453 575 ut
2503 501 2561 575 si
2615 524 2784 598 quae
2835 509 2942 575 est

705 607 1005 696 libertas,
1058 606 1279 705 posita
1328 613 1432 678 est
1479 607 1551 677 in
1599 601 1727 697 eo,
1791 612 1869 678 ut
1919 606 2066 701 quis
2118 629 2248 701 quo
2299 606 2634 702 rapiamur
2680 604 2940 675 intelli-

706 714 847 804 gat.
947 706 1086 780 Hic
1146 707 1354 802 igitur
1416 708 1628 779 seculi
1693 708 1967 804 genius,
2036 729 2315 803 magnae
2379 730 2599 777 rerum
2651 706 2941 778 omnium

706 817 776 882 et
825 809 1000 881 haud
1050 809 1313 882 minime
1365 809 1602 880 artium
1655 809 2106 881 conversionis
2158 809 2604 897 acceleratur,
2675 806 2747 877 id
2797 808 2941 904 agit

705 911 1116 1002 enixissime,
1166 918 1243 982 ut
1293 910 1732 983 aemulatione
1780 911 2012 982 animis
2062 909 2419 982 iniicienda
2457 914 2694 1004 urgeat
2722 909 2941 980 homi-

702 1036 859 1086 num
911 1011 1154 1084 studia.
1255 1009 1493 1107 Itaque
1545 1037 1675 1084 non
1730 1012 1944 1085 solum
1994 1011 2259 1108 publice
2314 1008 2692 1108 exponendi
2744 1011 2940 1106 copia

704 1113 937 1206 datur,
1012 1136 1177 1208 quae
1244 1113 1482 1208 quique
1533 1113 1643 1185 vel
1694 1114 1928 1232 perite·
1959 1113 2444 1186 elaboraverint
2497 1111 2601 1183 vel
2652 1112 2939 1183 solerter

600 1254 610 1264 ,
700 1215 1097 1305 invenerint,
1149 1214 1260 1286 vel
1309 1214 1541 1286 sedulo
1594 1215 1678 1286 ad
1730 1214 2037 1286 eximiam
2085 1214 2596 1312 pulcritudinem
2640 1221 2754 1284 aut
2793 1236 2938 1285 ma·-

700 1315 1109 1413 gnitudinem
1159 1308 1622 1408 educaverint,
1686 1340 1912 1390 verum
1964 1316 2162 1387 etiam
2212 1315 2504 1413 praemia
2550 1339 2939 1412 proponun-

698 1427 811 1489 tur
875 1417 1336 1514 superantibus
1403 1425 1705 1490 caeteros
1721 1469 1744 1508 ,
1819 1441 1985 1514 quae
2058 1417 2143 1489 ad
2210 1416 2592 1490 certandum
2656 1417 2937 1488 invitent

700 1520 1008 1614 alantque
1061 1527 1129 1591 et
1180 1527 1466 1615 augeant
1513 1510 1932 1591 industriam.
2032 1517 2225 1590 Inter
2273 1518 2571 1590 homines
2601 1518 2934 1590 litteratos

661 1641 668 1646 ·
702 1619 964 1716 quidem
1013 1620 1140 1691 iam
1197 1619 1438 1692 dudum
1477 1620 1793 1693 usitatum
1839 1628 2007 1712 erat,
2059 1627 2135 1691 ut
2175 1621 2537 1717 praemium
2570 1619 2937 1692 constitue-

698 1730 885 1794 retur
936 1722 1038 1813 ei,
1108 1721 1220 1817 qui
1282 1720 1638 1794 indicatam
1703 1723 1987 1818 aliquam
2040 1720 2379 1794 difficilem
2429 1729 2542 1793 aut
2594 1720 2937 1793 obscuram

699 1823 981 1895 alicuius
1013 1823 1352 1895 doctrinae
1382 1831 1639 1919 partem
1668 1825 1914 1920 optime
1949 1823 2385 1919 explicuisset
2410 1824 2932 1895 illustrassetve=

698 1925 1217 2020 translatumque
1266 1924 1337 1995 id
1390 1948 1431 1995 a
1482 1925 1865 1997 doctoribus
1918 1932 2022 1996 est
2073 1925 2273 1996 etiam
2325 1923 2409 1996 ad
2450 1924 2809 2015 discentes,
2860 1932 2933 1995 ut

696 2026 769 2098 hi
820 2049 1078 2123 quoque
1132 2049 1214 2098 eo
1266 2026 1487 2099 acrius
1540 2026 1781 2099 studiis
1830 2025 2200 2098 litterarum
2252 2049 2520 2123 operam
2572 2025 2805 2099 darent
2830 2026 2932 2125 ἢ.

866 2310 927 2396 ²¹⁸)
985 2314 1157 2375 Omisi
1197 2315 1413 2394 reliqua,
1459 2323 1521 2374 ut
1560 2316 1665 2375 soli
1705 2316 1785 2375 illi
1827 2320 2047 2396 tempori
2087 2317 2296 2416 scripta.
