3192 4992
619 373 746 444 172
1176 370 1766 433 EMENDATIONES
1807 369 2278 433 PlNDAchE.
2352 429 2363 438 .

489 561 508 576 ‘
619 535 2491 738 Ξῗρΐιίηῗαῐῗιοιέόῖἒῦἱοωθᾶῗῖἒιξιῼάἓςῷἔέιζιὶῗθῗιῗθ
2512 546 2838 713 ΙἨΒΒἨ.

623 744 793 845 (IV.
828 748 989 841 40.)
1042 766 1246 838 aeque
1297 743 1595 838 ignotum
1632 739 1917 815 Graecis
1969 750 2073 814 est
2114 749 2189 813 ut
2221 734 2622 837 ἦωςφόρος.
2691 739 2841 814 Nee

622 872 848 921 verum
897 852 1038 935 est,
1110 842 1283 940 quod
1336 843 1498 915 dicit
1544 843 1641 914 ibi
1691 843 2115 935 Boeckhius,
2187 843 2590 939 ἑωςφόρος,
2662 841 2839 939 quod

528 960 536 976 '
621 948 796 1047 apud
874 947 1292 1020 scholiastam
1357 946 1641 1045 legitur,
1728 970 1863 1018 non
1933 946 2144 1042 magis
2222 943 2624 1041 probandum
2689 967 2840 1015 esse

624 1075 817 1147 quam
865 1043 1063 1129 λεώς.
1164 1046 1456 1118 Multum
1517 1047 1801 1119 interest
1850 1048 2065 1120 enimz
2136 1043 2316 1128 λεώς
2361 1045 2628 1117 Atticae
2692 1044 2841 1116 dia-

622 1152 784 1225 lecti
835 1158 962 1242 est,
1014 1142 1380 1246 ἕωςφόρος
1426 1148 1558 1220 iam
1609 1149 1689 1219 ab
1740 1147 2034 1222 Homero
2084 1147 2285 1220 Iliad.
2319 1144 2620 1218 XXIII.
2660 1149 2838 1222 226.

624 1254 907 1327 dictum:
980 1258 1055 1322 ut
1120 1274 1199 1322 eo
1265 1250 1363 1321 nti
1412 1248 1745 1322 Pindarus
1806 1251 1950 1322 iure
2016 1275 2137 1323 sno
2187 1250 2504 1347 potuerit.
2593 1244 2839 1345 Ἀοιὸὴ
2985 1251 2988 1255 “

623 1363 842 1428 autem
893 1352 1021 1425 etsi
1069 1352 1294 1424 Attice
1346 1348 1505 1447 ᾠδὴ
1571 1351 1850 1444 dicitur,
1923 1360 2142 1424 tamen
2204 1375 2417 1448 neque
2481 1351 2562 1422 ab
2629 1351 2838 1446 epicis

622 1478 925 1551 umquam
976 1477 1187 1549 neque
1239 1453 1320 1523 ab
1370 1453 1596 1549 lyricis
1638 1462 2040 1527 contractum
2081 1462 2187 1526 est
2225 1455 2294 1525 in
2331 1454 2492 1525 duas
2526 1452 2839 1547 syllabas.

624 1556 707 1629 In
772 1555 1055 1628 Hesiodi
1121 1554 1391 1650 Theog.
1457 1579 1525 1626 v.
1589 1557 1719 1629 48.
1788 1555 2277 1652 imperitissime
2349 1578 2390 1626 a
2457 1553 2842 1651 quibusdam

624 1659 875 1732 criticis
927 1657 1211 1728 admissa
1257 1679 1341 1727 ea
1390 1657 1754 1728 contractio
1807 1666 1937 1728 est.
2035 1657 2206 1728 Dixi
2257 1656 2337 1728 de
2389 1681 2470 1729 eo
2524 1678 2720 1726 versu
2767 1654 2842 1727 iu

621 1782 900 1832 censura
948 1757 1256 1830 editionis
1293 1754 1862 1854 Goettlingianae.
1961 1758 2160 1855 Apud
2211 1756 2573 1829 Pindarum
2622 1764 2843 1829 autem

619 1859 815 1933 Nem.
866 1858 1008 1930 XI.
1065 1862 1185 1933 18.
1240 1860 1433 1956 (23.)
1500 1860 1608 1931 vel
1672 1860 2078 1932 concinnitas
2148 1859 2465 1931 orationis
2515 1858 2836 1955 postulat,

620 1970 719 2054 ut,
774 1960 946 2058 quod
995 1961 1067 2031 in
1119 1960 1579 2034 dissertatione
1633 1959 1713 2032 de
1751 1960 2034 2034 dialecto
2068 1960 2344 2032 Pindari
2379 1960 2657 2053 conieci,
2709 1957 2842 2051 μέ-

617 2070 771 2138 λειν
818 2064 900 2137 ἐν
951 2058 1241 2143 ἀοιδαῖς
1293 2086 1416 2158 pro
1467 2059 1849 2157 μελιζέμεν
1899 2059 2190 2144 ἀοιδαῖς
2244 2062 2595 2134 scribatur.
2693 2060 2842 2134 Re-

621 2164 745 2238 deo
799 2163 881 2236 ad
908 2162 1254 2259 Pythicum
1306 2188 1592 2254 carmen,
1645 2164 1718 2234 in
1767 2189 1896 2261 quo
1946 2164 2163 2238 fateor
2206 2168 2446 2237 λαοῖσι
2493 2163 2607 2234 vix
2640 2186 2840 2260 posse

620 2291 767 2340 cum
819 2265 951 2337 alio
1003 2265 1320 2338 vocabulo
1368 2265 1777 2337 commutari.
1876 2264 1972 2339 At
2020 2274 2244 2363 potest
2278 2262 2611 2363 Σερίφῳ.
2683 2263 2838 2337 Nou

621 2370 795 2441 enim
847 2392 1012 2464 opus
1064 2375 1207 2438 erat
1254 2368 1515 2439 nomine
1563 2367 1860 2458 insulae,
1916 2393 2109 2464 quum
2158 2361 2380 2440 'statim
2432 2365 2836 2462 Polydectae

620 2469 989 2543 convivium
1040 2477 1605 2541 commemoretur.
1705 2467 1942 2565 Itaque
1993 2468 2305 2567 Σερίφῳ
2370 2493 2457 2541 ex
2507 2468 2839 2565 interpre-

619 2571 870 2643 tatione
924 2578 1136 2642 ortum
1188 2570 1412 2660 eredo,
1466 2571 1755 2666 expulso
1809 2572 1941 2643 alio
1977 2572 2321 2644 vocabulo.
2421 2569 2504 2641 Id
2548 2596 2679 2644 non
2710 2568 2851 2641 fuit

620 2667 860 2744 πόλειε
926 2670 1056 2742 hoc
1106 2670 1278 2740 enim
1329 2670 1549 2742 dativo
1584 2670 1979 2743 abstinuisse
2025 2672 2280 2744 videtur
2317 2670 2672 2763 Pindarus,
2725 2671 2838 2767 qui

526 2773 832 2867 lSneque
899 2765 1100 2841 πόλει
1147 2770 1438 2841 Atticum
1501 2794 1715 2866 neque
1765 2770 2064 2844 Ionicum
2114 2768 2319 2861 πόλι,
2388 2797 2598 2869 neque
2647 2774 2838 2845 inve-

541 2888 546 2893 ’
618 2880 876 2945 nustum
920 2865 1122 2944 πόλιϊ
1165 2871 1606 2967 usurpandum
1649 2871 1987 2944 iudicavit.
2076 2874 2497 2971 Quapropter
2524 2875 2655 2948 hoc
2684 2875 2834 2970 ipso

617 2975 689 3046 in
752 2972 1038 3045 carmine
1101 2996 1167 3044 V.
1221 2974 1345 3048 26.
1414 2973 1607 3070 (46.)
1673 2997 1797 3069 pro
1862 2971 2066 3073 παρὰ
2131 2971 2539 3074 καλλιχόρῳ
2604 2971 2831 3063 πόλει,

619 3100 813 3172 quum
866 3083 935 3145 et
976 3073 1365 3146 scholiastes
1409 3081 1477 3146 et
1510 3074 1640 3146 duo
1684 3074 1949 3148 codices
1982 3072 2198 3151 πόλιν
2229 3078 2609 3174 praebeant,
2662 3078 2835 3153 scri-

617 3175 894 3249 bendum
929 3175 1057 3247 erit
1084 3172 1287 3273 παρὰ
1315 3172 1753 3273 καλλίχορον
1778 3172 2047 3254 πόλιν.·
2082 3178 2307 3253 Multo
2336 3179 2545 3277 igitur
2575 3179 2832 3278 aptiore

616 3303 765 3351 eum
815 3277 1014 3350 verbo
1065 3278 1411 3374 scripsisse
1459 3286 1662 3374 puto:

868 3424 1150 3526 εἰναλίᾳ
1198 3456 1277 3502 τε
1324 3426 1554 3527 πέτρᾳ
1602 3425 1847 3503 λαοῖσί
1892 3459 1972 3504 τε
2020 3434 2297 3532 μοῖραν
2347 3430 2577 3534 ἄγων.

614 3577 853 3654 Fidem
900 3579 1061 3653 facit
1108 3578 1361 3654 Strabo
1387 3580 1492 3653 X.
1542 3606 1614 3678 p.
1647 3584 1798 3657 487
1803 3587 1852 3655 .“
1876 3580 2072 3658 οὕτω
2122 3581 2197 3658 δ’
2253 3581 2411 3658 ἐστὶ
2458 3577 2834 3681 πετρώδης

550 3739 555 3744 -
614 3681 659 3756 τε
710 3688 970 3778 νῆσος,
1042 3679 1230 3755 ὥστε
1292 3679 1436 3755 ὑπὸ
1493 3688 1625 3778 τῆς
1671 3679 2044 3785 Γοργόνος
2090 3691 2312 3760 τοῦτο
2362 3688 2643 3761 παθεῖν
2692 3684 2833 3761 αὖ·

614 3778 753 3879 τήν
802 3805 1036 3880 φασιν
1085 3783 1156 3856 οἷ
1200 3781 1756 3880 κωμῳδοῦντες.
2080 3838 2087 3843 .
2608 3786 2615 3794 ’

793 3882 900 3955 ‘In
949 3884 1079 3957 fine
1131 3886 1435 3957 carminis
1483 3886 1682 3958 laudo
1736 3886 1909 3983 quod
1957 3886 2339 3960 Boeckbius
2387 3888 2455 3960 in
2499 3886 2831 3987 Explica-

616 3985 903 4067 tionibus
953 3986 1035 4056 ad
1090 3987 1417 4083 vulgatam
1467 3988 1860 4086 scripturam
1878 3988 2124 4081 rediit,
2177 3990 2258 4062 ἐκ
2298 3987 2379 4063 δὲ
2421 3986 2831 4065 τελευτάσει

616 4097 685 4162 et
735 4083 1079 4183 ἂελπτίᾳε
1146 4088 1263 4159 sed
1327 4089 1604 4161 debebat
1670 4091 1866 4162 etiam
1916 4091 1996 4162 ab
2048 4090 2406 4164 scholiasta
2455 4099 2525 4164 et
2575 4091 2829 4164 duobus

616 4189 951 4265 codicibus
1004 4189 1289 4260 oblatum
1338 4187 1425 4264 τὸ
1451 4186 1559 4264 ,δὲ
1609 4185 1982 4289 μόρσιμον
2033 4190 2124 4265 οὗ
2172 4188 2615 4291 πάρφυκτον
2651 4193 2828 4266 reci·

615 4316 800 4388 pere.
927 4288 1098 4362 Nam
1162 4290 1335 4386 quod
1410 4291 1482 4364 id
1555 4294 1771 4366 minus
1834 4296 2174 4392 eleganter
2244 4294 2491 4368 dictum
2557 4295 2828 4394 putabat

616 4417 806 4490 quam
854 4392 1031 4489 quod
1081 4393 1326 4467 caeteri
1373 4393 1529 4466 libri
1578 4395 1823 4469 habent
1859 4391 1947 4470 τό
1987 4421 2072 4497 γε
2099 4389 2495 4497 μόρσιμον,
2544 4422 2679 4472 nou
2718 4402 2826 4470 est
