3192 4992
892 344 995 406 ns
1036 337 1411 408 Aascnm
1452 345 2024 416 esmos'msu
2448 347 2582 418 aaa
2655 413 2666 428 ,

327 510 548 588 οὕτω
609 504 756 615 γάρ
821 531 979 593 ’πως
1043 506 1410 608 ὠνόμασε.
1492 511 1714 602 Mihi
1777 513 2101 612 Aeschyli
2178 539 2410 592 verm
2479 520 2586 594 sic

326 614 678 688 scribendi
728 612 1058 705 videntur,

646 762 860 866 γένος
906 759 1049 860 μὲν
1099 764 1338 870 αἰνεῖν
1385 761 1754 858 ἔκμαθων
1801 763 2197 862 ἐπίσταμαι

645 862 1097 947 Αἰθιοπίδος
1144 872 1303 967 γῆς,
1361 867 1559 941 ἔνθα
1609 873 1868 951 Νεῖλος
1917 867 2279 965 ἑπτάρους

647 962 880 1068 γάνος
925 964 1255 1050 κυλίνδει
1303 965 1757 1064 πνευμάτων
1805 970 2204 1069 ἔπομβρίᾳ,

645 1070 730 1144 ἓν
779 1068 858 1143 δ’
918 1067 1116 1164 ἥλιος
1132 1067 1514 1196 πυρωπὸς
1563 1065 1947 1170 ἐκλάμψας
1988 1069 2284 1167 χθονὶ
2578 1068 2628 1140 8

544 1173 596 1247 5
644 1165 843 1266 τήκει
890 1166 1250 1267 πετραίαν
1290 1167 1575 1266 χιόνα·
1614 1180 1821 1246 πᾶσα
1870 1171 1945 1247 δ’
2005 1170 2333 1271 εὐθαλὴς

642 1275 1021 1397 Αἴγυπτος
1072 1270 1312 1397 ἁγνοῦ
1361 1269 1693 1367 νάματος
1741 1275 2207 1397 πληρουιιένη
2321 1337 2328 1343 .

646 1372 1077 1490 φερέσβιον
1095 1371 1487 1472 Δήμητρος
1537 1375 1862 1450 ἀντέλλει
1914 1372 2222 1471 στάχυν.

322 1525 599 1623 Aquam
652 1548 693 1596 a
741 1523 960 1623 poetis
1023 1520 1255 1626 γάνος
1318 1526 1449 1597 dici
1499 1526 1930 1599 notissimum
1962 1536 2099 1601 est.
2171 1552 2384 1625 neque
2433 1527 2576 1600 ulla

324 1637 447 1699 est
496 1650 703 1724 aqua,
759 1627 946 1699 cuius
999 1638 1065 1699 et
1117 1628 1407 1699 suavitas
1457 1636 1527 1699 et
1576 1629 1929 1701 salubritas
1981 1652 2189 1725 aeque
2240 1628 2573 1701 celebrata

324 1728 457 1820 sit,
512 1752 711 1825 quam
755 1728 959 1819 haec,
1032 1753 1198 1824 quae
1252 1729 1410 1799 alibi
1461 1730 1565 1801 ah
1589 1731 1923 1826 Aeschylo
1978 1730 2156 1803 dicta
2205 1740 2311 1803 est
2359 1727 2572 1828 ὕδωρ

322 1828 426 1903 τὸ
477 1827 747 1903 Νείλου
795 1823 1045 1911 νόσοις
1094 1829 1436 1903 ἄθικτον.

542 1930 693 2003 Νοιι
747 1931 1028 2002 alienum
1082 1939 1185 2002 est
1236 1954 1275 2001 a
1315 1929 1695 2005 Memnonis
1748 1940 2162 2028 argumento,
2215 1930 2393 2028 quod
2419 1930 2575 2004 Eu·-

325 2032 621 2104 stathius
673 2032 1057 2103 memoravit
1118 2056 1189 2128 Ρ.
1248 2035 1470 2123 1484,
1522 2037 1650 2108 47.
1715 2032 1960 2107 ἰστέον
2010 2030 2093 2106 δὲ
2142 2032 2271 2106 καὶ
2319 2030 2432 2106 ὅτι
2481 2031 2572 2107 τὸ
2613 2108 2617 2113 ,

322 2131 675 2229 θηλυκὸν
721 2139 858 2205 τοῦ
907 2130 1209 2229 Αἰθίοψ
1256 2130 1647 2216 ἰδιωτικῶς
1693 2132 1836 2228 μὲν
1884 2128 2387 2221 Αἰθιόπισσα,
2440 2134 2574 2206 ἄλ·-

322 2240 483 2316 λως
547 2231 630 2308 δὲ
696 2240 1289 2331 περιφραστικῶς
1348 2232 1395 2329 ἢ
1461 2236 1541 2317 ἐξ
1597 2230 2022 2310 Αἰθιόπων.
2139 2234 2424 2361 λέγεται
2481 2231 2572 2307 ‹23

320 2334 464 2411 καὶ
515 2329 933 2432 ὁμοφώνως
981 2340 1089 2430 τῷ
1135 2334 1499 2430 ἀρσενικῷ
1537 2335 1732 2408 κατὰ
1763 2334 1944 2418 τοὺς
1973 2331 2364 2417 παλαιούς·
2412 2337 2572 2409 Αἰ-

323 2434 635 2510 θίοπα
683 2441 873 2537 γοῦν
924 2432 1112 2533 φασὶ
1163 2433 1481 2533 φωνὴν
1529 2432 1899 2531 Αἰσχύλος
1945 2435 2158 2537 λέγει,
2207 2433 2338 2510 καὶ

642 2581 914 2684 πότερα
960 2581 1156 2688 γυνή
1203 2613 1315 2669 τις
1360 2585 1664 2686 Αἰθίοψ
1713 2582 2121 2686 φανήσεται
2136 2616 2165 2676 ,·

321 2738 768 2830 Loheckius,
824 2738 935 2834 qui
986 2738 1151 2809 haee
1203 2737 1359 2810 olim
1412 2738 1492 2810 ad
1545 2738 1819 2811 Aiacem
1873 2763 1944 2835 Ρ.
1998 2742 2174 2813 272.
2226 2737 2569 2830 attulerat,

321 2865 513 2917 nunc
560 2842 631 2913 in
664 2838 1192 2967 Paralipomenis
1243 2842 1705 2934 grammaticae
1733 2838 2040 2913 Graecae
2091 2864 2161 2936 Ρ.
2192 2840 2367 2915 294.
2417 2848 2572 2912 tan·-

323 2943 671 3022 tummodo
722 2939 1061 3014 Αἰθίοπα
1112 2939 1379 3037 φωνὴν
1428 2950 1503 3013 ut
1530 2941 1974 3037 Aeschyleum
2024 2942 2288 3038 posuit,
2341 2961 2578 3017 neseio.

323 3058 554 3119 utrum
609 3043 948 3116 brevitatis
999 3065 1272 3134 caussa,
1345 3065 1429 3113 au
1502 3042 1678 3138 quod
1743 3044 2110 3115 trimetrum
2174 3043 2374 3115 istum
2434 3065 2571 3116 uon

325 3153 604 3246 putaret
653 3143 970 3238 Aeschyli
1023 3166 1197 3215 esse.
1301 3142 1433 3233 Qui
1497 3167 1728 3214 versus
1794 3144 1850 3215 si
1903 3152 2007 3215 est
2058 3167 2145 3214 ex
2197 3144 2323 3216 hac
2371 3142 2572 3215 trilo-

327 3249 453 3346 gia
503 3248 791 3345 petitus,
866 3243 1257 3317 crediderim
1322 3268 1470 3315 eum
1535 3253 1650 3316 aut
1711 3245 1781 3317 in
1832 3252 2132 3317 extremo
2179 3243 2570 3336 Memnon,

329 3358 455 3422 aut
530 3348 600 3419 in
670 3346 1139 3444 Psychostasia
1203 3346 1490 3441 positum
1556 3345 1804 3438 fuisse,
1885 3370 1966 3418 eo
2037 3346 2319 3418 fortasse
2384 3344 2568 3465 loeo,

333 3474 536 3547 quem
597 3449 667 3522 iu
731 3456 948 3520 mente
999 3446 1225 3518 hahuit
1274 3444 1521 3519 Strabo
1572 3446 1749 3532 XV.
1800 3471 1871 3545 Ρ.
1925 3450 2096 3522 728.
2149 3470 2345 3544 quum
2395 3446 2571 3519 seri·-

328 3551 567 3625 heret·
635 3549 967 3677 λέγονται
1024 3545 1116 3621 δὲ
1177 3546 1305 3622 καὶ
1353 3548 1644 3622 Κίσσιοι
1710 3548 1782 3622 οἱ
1832 3544 2181 3622 Σούσιοι·
2250 3545 2434 3645 φησὶ
2482 3544 2568 3621 δε

331 3651 471 3729 καὶ
516 3647 884 3746 Αἰσχύλος
943 3646 1084 3745 τὴν
1142 3649 1421 3746 μητέρα
1488 3648 1889 3744 Μέμνονος
1953 3646 2292 3723 Κισσίαν.
2414 3649 2565 3741 Quo
2671 3679 2682 3696 ·

331 3763 538 3855 pacto
588 3752 907 3826 Memnon
959 3763 1028 3824 et
1060 3752 1428 3848 Aethiopes
1478 3752 1547 3824 in
1588 3752 1912 3825 Persium
1939 3751 2245 3824 translati
2291 3750 2565 3843 fuerint,

337 3864 650 3930 accurate
703 3853 949 3936 docuit
976 3852 1065 3926 F.
1115 3856 1207 3927 A.
1259 3853 1556 3925 Ukertus
1606 3855 1676 3926 in
1728 3877 1809 3925 ea
1855 3851 2361 3944 dissertatione,
2425 3877 2566 3950 rqun

339 3959 423 4030 de
471 3958 827 4030 Memnone
877 3956 1190 4053 exposuit
1255 3951 1755 4049 (Isumtblatt
1798 3950 1939 4052 bey
1982 3951 2157 4027 dem
2196 3954 2565 4054 Morgen-

341 4055 579 4132 blatie
636 4059 856 4134 1835.
906 4083 976 4130 ιι.
1019 4060 1144 4133 86.
1198 4064 1279 4129 et
1296 4060 1422 4133 37.
1472 4082 1544 4154 Ρ.
1584 4059 1818 4154 Ι44.).
1922 4054 2272 4128 Vide-dus
2317 4056 2388 4128 in
2421 4055 2568 4152 pri-
2708 4057 2716 4064 '

338 4161 469 4233 :nis
515 4159 881 4232 Pausanias
928 4160 1211 4280 X.·31,
1263 4161 1339 4234 7.

541 4260 982 4336 Wel'ckerum
1033 4261 1093 4333 si
1142 4258 1466 4352 audimus,
1515 4259 1778 4356 insigne
1828 4259 1930 4330 ah
1958 4213 2291 4354 Aeschylo
2342 4255 2568 4331 datan

343 4370 449 4441 est
476 4362 990 4437 Atheniensibus
1040 4363 1525 4461 spectaculum.
1613 4360 1862 4435 Narrat
1908 4361 2028 4452 ille
2079 4386 2151 4457 Ρ.
2128 4361 2353 4436 .434.
2402 4356 2566 4434 Me·-
2618 4427 2622 4434 ,
2703 4418 2725 4453 ,
