3192 4992
1014 367 1024 374 -
1157 350 1350 412 PARS
1392 347 1823 410 PosTmoR.
2471 345 2610 420 ab

368 517 507 590 ⁴33.
557 505 784 612 seqq„
864 539 953 589 ex
1001 542 1150 615 -quo
1218 541 1338 590 sua
1401 513 1748 588 exornavit
1813 510 2257 587 Callimachus
2319 514 2390 587 h.
2441 463 2609 592 Del.

378 620 556 692 278.
607 642 795 714 seqq.
897 617 1239 692 Primitias
1291 618 1537 715 stipula
1587 616 1797 688 tritici
1843 616 2172 688 involutas
2205 641 2306 688 ex
2338 616 2609 715 Hyper·-

381 719 599 790 horeis
663 718 746 789 ad
797 717 1084 816 Scythas
1151 722 1387 791 allatas
1451 718 1672 815 ibique
1705 726 2042 816 ,receptas
2106 717 2261 791 iude
2326 718 2405 789 ab
2470 720 2603 793 alio

381 819 690 916 deinceps
755 820 838 891 ad
905 823 1105 893 alium
1169 823 1479 919 populum
1565 843 1792 891 versus
1859 818 2266 892 occidentem
2328 819 2605 894 traditas

372 943 584 1017 usque
638 921 721 992 ad
773 947 953 996 mare
986 923 1397 995 Adriaticum
1448 921 1855 1017 pervenisse.
1958 919 2140 992 Hinc
2173 921 2349 994 inter
2382 910 2656 994 Grae-9

376 1045 495 1094 cos
546 1023 759 1120 primo
812 1025 892 1095 ab
944 1023 1331 1097 Dodonaeis
1384 1045 1530 1096 esse
1583 1019 1968 1119 susceptas,
2035 1021 2208 1093 unde
2260 1023 2343 1096 ad
2394 1023 2610 1096 sinum

375 1111 739 1196 Maliacum
790 1133 861 1197 ct
911 1151 1112 1226 porro
1160 1127 1231 1198 in
1280 1124 1621 1198 Euboeam
1675 1147 1879 1220 usque
1914 1123 2286 1218 Carystum,
2337 1124 2610 1198 Andro-
2733 1151 2740 1158 ·

372 1248 506 1322 que
556 1229 916 1323 praeterita
966 1228 1254 1347 Tenum·
1281 1227 1576 1345 venisse,
1621 1226 1703 1296 ab
1743 1213 1997 1298 'seniis
2047 1225 2326 1321 denique
2360 1224 2609 1298 Delum

372 1328 1431 1528 33⁵2„ztlss‘tzgissssuffsssssss
1447 1327 2140 1525 ῧὲἲῗῗιῖἧέἕίἓὲῗέῗ
2157 1325 2607 1501 ἒῗῖἷὲΐαῗὲἕ

372 1529 898 1626 appellaverint,
955 1533 1415 1605 comitantibus
1468 1531 1753 1629 quinque
1806 1531 2007 1622 viris,
2060 1530 2174 1626 qui
2221 1528 2608 1626 περφερὲες

374 1629 541 1702 dicti
590 1655 828 1728 magno
881 1634 1053 1730 apud
1092 1633 1333 1706 Delios
1382 1633 1630 1706 fuerint
1677 1632 1748 1703 in
1797 1632 2074 1724 honore.
2175 1629 2426 1704 Postea
2455 1630 2606 1727 Hy·
2695 1677 2704 1694 ι

377 1731 777 1828 perboreos,
828 1759 913 1807 ne
965 1758 1226 1832 semper
1275 1736 1353 1807 ab
1406 1736 1557 1807 aliis
1609 1734 1693 1806 ad
1743 1734 1913 1806 alios
1963 1751 2244 1831 pergere
2295 1733 2606 1805 iuberen-

372 1841 512 1924 tur,
565 1858 679 1907 eas
730 1836 1055 1932 primitias
1104 1836 1333 1910 itidem
1384 1836 1631 1932 stipula
1680 1836 2010 1907 involutas
2059 1834 2384 1930 proximis
2435 1834 2606 1907 vici-

369 1935 481 2006 nis
531 1934 909 2027 tradidisse,
960 1938 1064 2010 illi
1113 1947 1189 2010 ut
1238 1937 1551 2035 deinceps
1585 1937 1736 2008 aliis
1778 1936 2139 2009 traderent.
2239 1932 2347 2007 Ac
2372 1934 2605 2010 Thra-
2713 1995 2716 1998 .

350 2059 489 2107 -ces
538 2061 798 2134 quoque
848 2039 1109 2112 Dianae
1158 2040 1429 2136 reginae
1481 2064 1615 2111 non
1666 2039 1809 2110 siue
1861 2037 2109 2133 stipula
2158 2035 2363 2109 tritici
2410 2055 2601 2109 sacra

372 2136 618 2209 facere.
718 2139 960 2213 Delios
1026 2148 1239 2213 autem
1306 2164 1575 2213 narrare
1642 2140 1772 2210 iam
1837 2147 1987 2210 ante
2037 2137 2481 2233 Hyperocbeu
2532 2145 2602 2209 et

373 2235 719 2312 Laodicen
772 2240 935 2314 duas
985 2242 1452 2339 Hyperboreas
1503 2242 1796 2336 virgines
1847 2239 1926 2311 ad
1980 2263 2064 2410 ῗ
2106 2239 2405 2327 venisse,
2460 2237 2603 2310 Ar-

373 2363 504 2436 gen
555 2344 623 2412 e't
674 2339 882 2438 Opin‚
936 2367 1285 2439 earumque
1336 2343 1502 2415 haee
1550 2343 1814 2414 nomina
1864 2340 1943 2412 ab
2068 2341 2212 2433 ycio
2260 2336 2478 2411 Olene
2528 2339 2601 2412 in

363 2441 610 2535 hymno
651 2443 952 2539 quodam
1021 2468 1168 2515 esse
1234 2444 1523 2540 prodita.
1646 2445 1857 2537 Quam
1906 2440 2289 2513 Herodotus
2337 2438 2597 2533 Argen,

373 2542 517 2632 alii,
568 2552 644 2615 ut
691 2540 1057 2616 Pausanias
1106 2543 1202 2616 V,
1254 2548 1330 2636 7,
1382 2549 1458 2619 8.
1540 2540 1934 2639 Hecaergen
1985 2542 2349 2640 appellant.
2448 2538 2600 2636 Hy-

368 2644 715 2740 perboreis
772 2645 1128 2740 virginibus
1178 2646 1571 2718 scholiastes
1602 2644 1878 2717 Pindari
1926 2645 1997 2734 in
2042 2651 2426 2739 argumento
2455 2641 2599 2737 Py-

372 2744 656 2816 thiorum
707 2746 1055 2819 substituit
1107 2748 1420 2843 nymphas
1469 2745 1930 2819 Parnassides.
2030 2743 2204 2816 Eius
2252 2744 2323 2816 in
2377 2743 2594 2817 verbis
2657 2810 2668 2824 ,

360 2869 501 2918 *non
554 2847 1002 2919 animadversa
1052 2857 1195 2939 est,
1268 2872 1459 2945 quam
1523 2849 1713 2920 hians
1762 2847 2090 2919 sententia
2136 2844 2423 2937 indicat,
2487 2846 2596 2918 la·

370 2971 576 3019 cuna:
645 2949 947 3022 ἐτελεῖτο
999 2946 1081 3023 δὲ
1135 2948 1176 3022 ὃ
1227 2947 1439 3051 ἀγών
1486 2946 1863 3042 καταρχὰς
1908 2945 2051 3042 μὲν
2088 2943 2219 3020 διὰ
2252 2947 2597 3041 ἐνναετητ

362 3045 578 3143 vidos
625 3049 667 3090 *ι
720 3059 762 3097 *
814 3047 943 3124 διὰ
992 3047 1080 3123 τὸ
1116 3049 1250 3132 τὰς
1278 3047 1820 3145 Παρνασσίδας
1849 3044 2156 3145 νύμφας
2189 3042 2595 3122 Ἀπόλλωνι
2743 3069 2752 3074 ’

368 3147 738 3225 κτείναντι
785 3150 872 3224 τὸ
899 3149 1176 3249 θηρίον
1223 3150 1358 3234 τὰς
1405 3155 1487 3226 ἐν
1535 3155 1699 3234 ταῖς
1737 3148 1998 3246 χερσὶν
2045 3143 2341 3242 ὀπώρας
2369 3175 2595 3246 προς-

370 3256 690 3353 ενεγκεῖν
738 3250 969 3351 δῶρα.
1073 3252 1431 3345 Putabant,
1486 3254 1598 3350 qui
1648 3254 1813 3324 haec
1853 3256 2394 3341 memoraverunt,
2444 3250 2593 3321 fru-

204 3351 217 3359 ’
282 3405 293 3412 -
369 3378 526 3448 gum
574 3354 897 3452 primitias
948 3354 1100 3426 ideo
1155 3365 1572 3428 consecratas
1626 3379 1773 3426 esse
1822 3352 2148 3449 Apollini,
2203 3339 2382 3447 quod
2428 3373 2589 3423 casu

366 3462 664 3550 tempore
713 3457 949 3530 messis
998 3456 1384 3529 interfectus
1437 3457 1516 3528 ab
1571 3482 1651 3528 eo
1703 3463 1881 3528 esset
1931 3454 2158 3526 draco.
2256 3451 2380 3538 De,
2417 3458 2589 3524 tem-

368 3578 533 3651 pore
599 3558 971 3629 consentire
1037 3557 1297 3638 videtur
1343 3560 1675 3648 Alcaeus,
1743 3558 1851 3654 qui
1921 3555 2134 3627 media
2196 3560 2448 3627 aestate
2497 3576 2586 3625 ex

359 3654 819 3753 Hyperboreis
869 3658 1129 3730 venisse
1163 3661 1548 3756 Apollinem
1599 3660 1864 3731 cecinit.
1963 3656 2271 3741 Rectius,
2322 3655 2585 3752 opinor,

232 3827 238 3832 .
369 3758 498 3831 hoe
548 3757 630 3829 ad
681 3760 845 3831 solis
897 3760 1184 3832 calorem
1234 3761 1462 3858 fruges
1513 3769 1942 3832 maturantem
1991 3758 2343 3830 referetur.

568 3858 719 3933 Non
772 3862 1079 3951 multum,
1147 3862 1264 3934 sed
1329 3873 1546 3936 tamen
1596 3861 1846 3958 aliquid
1896 3885 1983 3933 ex
2034 3860 2138 3931 bis
2186 3856 2590 3932 narrationi-r

367 3961 487 4033 bus
535 3961 942 4058 proficimus.
1041 3962 1210 4036 Nam
1278 3989 1472 4062 quum
1539 3989 1627 4037 ex
1674 3961 2124 4062 Hyperboreis
2183 3966 2258 4033 et
2311 3958 2588 4058 Apolli-

366 4086 513 4136 nem
563 4064 797 4162 ipsum·
831 4073 900 4137 et
949 4062 1239 4163 virgines
1287 4068 1453 4140 istas
1506 4067 1907 4165 comitesque
1935 4088 2159 4137 earum
2185 4059 2586 4161 περφερέας

371 4165 624 4238 venisse
675 4166 1039 4259 audiamus,
1092 4167 1567 4267 Dodonaeque'
1598 4178 1666 4240 et
1716 4167 2032 4240 Parnassi
2081 4166 2324 4237 mentio
2376 4165 2446 4235 iu
2496 4162 2584 4233 iis

364 4262 514 4356 fiat„
563 4291 727 4362 quae
781 4267 862 4340 de
914 4270 1155 4346 oblatis
1205 4269 1515 4368 primitiis
1565 4268 1963 4360 referuntur,
2016 4269 2206 4364 origo
2245 4263 2584 4361 Apollinis

365 4374 439 4439 ut
487 4369 826 4466 peregrini
888 4381 1085 4469 atque
1151 4396 1238 4445 ex
1302 4373 1682 4472 longinquis
1748 4373 1884 4445 oris
1950 4371 2237 4444 advenae
2303 4365 2413 4437 dei
2463 4364 2584 4438 de-

445 4480 677 4582 Hunu.
717 4483 833 4552 ΟΡ.
874 4486 1015 4557 vn.
1503 4531 1507 4537 -
2100 4481 2159 4548 U
