3192 4992
630 365 764 434 234
984 370 1085 431 nn
1127 369 1562 431 meorum
1604 369 2144 436 comonomuuss
2184 335 2483 431 LYmc'A.
2520 335 2525 342 “

634 561 762 638 quo
815 536 1228 633 colligimus,
1307 537 1391 610 ob
1455 544 1745 610 veterem
1807 536 1992 608 illam
2042 535 2289 609 diserte
2341 535 2662 634 distingui
2712 562 2853 633 eas,

632 663 797 737 quae
848 663 1022 711 nuuc
1071 640 1350 738 primum
1402 639 1537 710 sint
1588 638 1841 726 editae3
1890 639 1962 709 in
2011 639 2151 710 illis
2202 647 2420 710 autem
2467 640 2857 737 inscriptio-

628 742 860 832 nibuS,
919 741 991 813 iu
1042 741 1275 837 quibus
1324 764 1536 836 neque
1587 737 1896 815 παλαιαὶ
1942 763 2155 836 neque
2206 738 2461 813 καιναὶ
2508 742 2858 814 nominan-

627 853 761 934 tur,
815 865 1040 915 omnes
1093 841 1301 932 videri
1350 865 1553 928 novas
1605 841 1836 913 fuisse.
1936 840 2272 913 Habemus
2320 865 2522 938 porro
2560 867 2857 943 τραγῳ-

591 941 768 1040 ἰδὸν
813 950 1131 1025 παλαιᾶς
1178 939 1604 1043 τραγῳδίας
1651 944 1722 1014 in
1774 967 1855 1015 ea
1902 942 2374 1038 inscriptione,
2427 944 2497 1016 iu
2550 967 2677 1040 qua
2724 945 2854 1016 de-

623 1045 777 1117 inde
827 1042 1044 1140 καινὴ
1091 1042 1475 1145 τραγῳδία
1525 1051 1596 1115 et
1644 1042 1860 1140 καινὴ
1891 1042 2250 1140 κωμῳδία
2286 1046 2722 1137 nominantur,
2772 1047 2848 1119 iu

625 1148 910 1220 caeteris
972 1154 1188 1218 autem
1250 1142 1650 1247 τραγῳδὸν
1722 1155 1794 1219 et
1854 1142 2226 1241 κωμῳδὸν
2287 1146 2678 1243 simpliciter
2738 1146 2847 1217 di·-

531 1329 536 1338 ‚
626 1256 843 1322 ctumt
924 1247 1112 1320 unde=
1161 1257 1665 1322 cousentaneum
1733 1256 1838 1320 est
1898 1248 2072 1318 hunc
2137 1271 2395 1343 quoque
2457 1247 2844 1344 tragoedum

625 1357 694 1422 et
745 1349 1122 1423 comoedum
1172 1374 1343 1422 nova
1394 1351 1719 1421 attulisse.
1822 1348 2271 1445 Relinquitur,
2324 1356 2397 1420 ut
2430 1372 2841 1445 quaeramus,

626 1452 784 1549 quid
834 1452 1091 1547 egerint
1138 1451 1252 1523 isti
1303 1451 1608 1548 tragoedi
1659 1450 2111 1546 comoedique.
2214 1450 2391 1541 Quid
2433 1449 2611 1522 aliud
2656 1475 2841 1543 vero,

627 1578 856 1650 quam,
925 1552 1227 1649 quoniam
1280 1577 1365 1626 ex
1418 1554 1564 1625 solo
1617 1552 1878 1624 nomine
1928 1549 2229 1623 facienda
2279 1560 2384 1623 est
2433 1552 2841 1643 coniectura,

374 1711 381 1720 .
483 1644 801 1752 -23quod
852 1679 1102 1745 eorum,
1157 1654 1270 1749 qui
1318 1655 1557 1750 ubique
1607 1654 1679 1724 iu
1723 1645 2015 1726 Graecia
2062 1652 2366 1749 tragoedi
2416 1652 2841 1749 comoedique

621 1756 784 1829 dicti
834 1766 1010 1842 sunt,
1063 1755 1350 1827 officium
1401 1756 1866 1851 negotiumque
1919 1762 2086 1846 erat,
2140 1764 2213 1826 ut
2263 1754 2510 1851 aliquid
2563 1779 2652 1827 ex
2700 1764 2844 1826 tra-

618 1858 857 1956 goedia
910 1857 1328 1928 comoediave
1394 1858 1617 1953 aliqua
1667 1864 1822 1953 apto
1875 1881 2023 1928 cum
2074 1864 2268 1952 gestu
2316 1857 2675 1929 recitarent
2726 1879 2844 1928 ca-

495 1986 501 1991 ·
616 1952 984 2032 nerentve?
1082 1957 1177 2030 Et
1227 1958 1392 2031 haec
1442 1960 1769 2031 sententia
1817 1956 1944 2030 fuit
1973 1956 2333 2048 Lobeckii,
2386 1981 2578 2055 quam
2626 1981 2840 2030 veram

616 2085 764 2134 esse
816 2084 896 2132 eo
948 2060 1160 2132 minus
1213 2060 1497 2132 dubitari
1544 2045 1806 2158 potest,
1880 2058 2056 2156 quod
2118 2083 2253 2131 uon
2318 2047 2519 2132 modow
2560 2070 2704 2132 nec'
2734 2071 2841 2131 te-
2968 2085 2973 2096 ·

612 2185 792 2234 mere
841 2161 1209 2259 ‘quidquam
1271 2171 1596 2260 sumptum
1677 2186 1801 2233 nec
1866 2185 2072 2258 prava
2134 2161 2393 2233 ratione
2456 2161 2839 2235 conclusum

616 2272 759 2355 est,
828 2287 1050 2335 verum
1115 2266 1310 2337 etiam
1374 2289 1484 2337 res
1546 2265 1696 2360 ipsa
1747 2263 2071 2360 exemplis
2123 2263 2536 2360 comprobari
2589 2271 2836 2362 potest.

611 2364 781 2438 Nam
815 2375 1031 2462 'quum
1077 2366 1208 2457 illi,
1262 2366 1375 2461 qui
1424 2366 1700 2462 lyricum
1750 2365 1929 2438 istud
1971 2387 2180 2461 genus
2214 2365 2571 2455 finxerunt,
2623 2390 2837 2461 neque

613 2469 986 2566 exemplum
1037 2468 1180 2540 eius
1229 2468 1438 2539 ullum
1489 2468 1725 2539 afferre
1776 2492 1919 2539 nec·
1945 2468 2136 2564 quale
2176 2465 2376 2539 fuerit
2410 2467 2631 2539 dicere
2673 2493 2837 2564 poo-

610 2570 770 2660 sint,
823 2593 946 2640 uos
996 2569 1077 2639 de
1129 2568 1392 2659 multis,
1458 2592 1625 2665 quae
1690 2570 1938 2664 passim
1990 2568 2277 2640 breviter
2322 2567 2612 2641 indicata
2657 2570 2834 2666 apud

609 2680 868 2742 veteres
918 2670 1360 2757 inveniuntur,
1413 2692 1610 2748 unum
1659 2670 2073 2764 proferemus
2119 2671 2404 2741 omnium
2441 2671 2835 2743 luculentio-

609 2771 841 2842 simum
891 2770 1290 2864 exemplum.
1321 2769 1397 2865 θ’)
1499 2767 1756 2841 Scribit
1780 2769 2121 2843 Diodorus
2157 2769 2430 2844 Siculus
2457 2771 2673 2843 XVI.
2703 2774 2833 2847 92.

605 2875 688 2946 ἐν
735 2867 881 2971 γὰρ
929 2874 1038 2965 τῷ
1086 2869 1452 2966 βασιλικῷ
1497 2866 1702 2966 πότῳ
1766 2868 2268 2975 Νεοπτόλεμος
2328 2870 2368 2946 ὃ
2414 2869 2831 2974 τραγῳδός,

604 2966 1009 3069 πρωτεύων
1055 2978 1145 3066 τῇ
1197 2972 1725 3071 μεγαλοφωνίᾳ
1774 2971 1900 3046 καὶ
1948 2981 2037 3070 τῇ
2090 2970 2268 3069 δόξῃ
2284 3030 2309 3063 ,
2376 2976 2831 3074 προςτάξαν-

603 3101 730 3155 τος
779 3072 984 3169 αὐτῷ
1033 3080 1170 3146 τοῦ
1200 3071 1577 3172 Φιλίππου
1626 3074 2215 3176 προενέγκασθαι
2263 3085 2422 3150 τῶν
2469 3080 2827 3154 ἐπιτετευ-

602 3174 901 3276 γμένων
949 3171 1382 3269 ποιημάτων
1429 3173 1555 3249 καὶ
1604 3174 1924 3268 μάλιστα
1973 3187 2130 3252 τῶν
2179 3174 2613 3274 ἀνηκόντων
2642 3179 2828 3278 πρὸς

599 3275 741 3372 τὴν
789 3274 982 3350 κατὰ
1030 3283 1187 3350 τῶν
1221 3281 1543 3372 Περσῶν
1594 3277 2010 3372 στρατείαν,
2061 3278 2101 3352 ὃ
2132 3278 2272 3374 μὲν
2311 3279 2636 3378 τεχνίτης
2660 3281 2826 3379 κρί-

599 3378 744 3460 νας“
789 3383 1054 3451 οἰκεῖον
1102 3374 1777 3474 ὑποληφθήσεσθαι
1837 3378 1923 3452 τὸ
1986 3379 2266 3476 ποίημα
2332 3389 2422 3476 τῇ
2474 3380 2823 3481 διαβάσει

599 3487 736 3553 τοῦ
773 3478 1173 3568 Φιλίππου,
1225 3480 1353 3552 καὶ
1398 3478 1537 3573 τὴν
1585 3479 2076 3574 εὐδαιμονίαν
2123 3486 2499 3579 ἐπιπλῆξαι
2544 3484 2821 3583 βουλό-

598 3607 820 3678 μενος
879 3588 1015 3653 τοῦ
1068 3585 1389 3677 Περσῶν
1449 3581 1809 3677 βασιλέως
1867 3580 2127 3680 καίπερ
2193 3579 2430 3659 οὖσαν
2491 3586 2819 3690 μεγάλην

595 3681 725 3757 καὶ
771 3678 1248 3777 περιβόητον,
1317 3680 1515 3765 ὅπως
1561 3683 1952 3777 μεταπέσοι
2002 3684 2175 3760 ποτὲ
2227 3691 2327 3768 εἰς
2374 3689 2816 3767 τούναντίον

593 3781 742 3859 ὑπὸ
789 3790 917 3878 τῆς
962 3778 1212 3879 τύχης,
1261 3783 1531 3881 ἤρξατο
1581 3784 1814 3885 λέγειν
1863 3794 2084 3861 τοῦτο
2132 3785 2219 3862 τὸ
2268 3786 2584 3888 nolimu·

760 4067 821 4152 ¹²)
890 4072 1042 4134 Talis
1098 4076 1201 4134 fuit
1258 4076 1538 4136 Clementis
1591 4078 1852 4158 recitatio,
1917 4077 1981 4136 de
2033 4098 2136 4155 qua
2186 4079 2535 4143 Philostratus
2590 4086 2645 4142 in
2700 4083 2809 4143 vit.

594 4158 820 4235 Sophist.
861 4157 932 4216 11.
977 4158 1078 4230 27,
1121 4160 1179 4217 2.
1222 4182 1273 4238 p.
1315 4159 1462 4220 616-
1505 4169 1557 4219 et
1594 4161 1825 4219 Neronis
1868 4183 2135 4222 caesareae
2174 4168 2456 4242 victoriae,
2519 4167 2583 4226 de
2625 4171 2809 4246 quibus

590 4242 938 4300 Philostratus
993 4248 1047 4301 in
1089 4244 1156 4305 V.
1201 4244 1465 4323 Apollonii
1506 4245 1602 4305 IV.
1648 4244 1748 4304 24.
1802 4245 1872 4305 V.
1916 4247 1976 4306 7.
2030 4248 2365 4327 Luciauoque
2409 4252 2697 4331 adscriptus
2748 4255 2808 4311 li·

590 4325 781 4469 bellgg,
824 4325 992 4470 2Ῑὶῖεικ)
1047 4328 1243 4401 dictus,
1303 4351 1347 4390 c.
1390 4330 1454 4390 9.
1504 4332 1576 4391 Τ.
1618 4333 1718 4391 111.
1771 4352 1822 4409 p.
1864 4329 2010 4391 641.
2065 4345 2117 4392 et
2158 4335 2438 4395 Suetonius
2491 4342 2548 4396 in
2597 4338 2807 4398 Nerone

590 4430 636 4472 c.
764 4454 781 4471 .
909 4455 923 4470 .
2434 4449 2441 4456 ·
