3192 4992
625 346 755 415 312
1259 343 1362 407 DE
1402 344 1784 406 APOLLINE
1823 344 1928 405 m·-
1966 343 2226 406 mANA.

625 514 1092 590 Pandatariam
1138 511 1406 586 innmani
1454 510 1867 586 coturnicum
1912 535 2185 586 numero
2247 509 2572 607 insignes»
2602 532 2852 583 memo-

625 619 798 691 ravit
847 616 1074 689 Varro
1141 614 1222 687 de
1287 613 1380 687 R.
1443 613 1538 687 R.
1587 612 1733 686 III.
1786 615 1900 705 5‚·
1941 618 2019 689 7.
2083 621 2161 685 ut
2226 610 2554 709 Ortygiae
2617 636 2851 686 nomen

631 719 807 793 omni
872 716 1176 792 inferiori
1235 714 1477 789 Italiae
1548 715 1932 789 conveniat.
2051 713 2159 788 Ac
2219 724 2446 787 notum
2509 719 2644 786 est‘,
2676 714 2854 786 circa

627 819 981 918 Neapolim
1042 817 1610 890 innumerabilium
1678 811 1913 890 nubem
1963 816 2372 890 coturnicum
2425 816 2647 887 volatu
2694 813 2853 886 fati-

628 930 925 1019 gatarum
974 919 1191 993 littori
1237 919 1640 991 incumbere.
1743 916 2053 990 Videnda
2075 917 2391 989 *Buffonis
2424 916 2701 989 historia
2728 939 2855 988 na-

627 1024 864 1097 turalis
915 1015 1129 1094 a‘vium
1179 1019 1278 1092 Τ.
1327 1003 1433 1092 ῘΙ.
1497 1045 1569 1118 p.
1620 1020 1797 1094 459.
1849 1043 1994 1116 seq.
2065 1007 2082 1017 ⁸
2111 1018 2364 1091 Verum
2427 1019 2548 1091 isti
2596 1017 2853 1116 quidem

466 1125 507 1182 Ὗ
627 1124 907 1199 Homeri
958 1121 1281 1218 Ortygiae
1329 1122 1514 1194 nulla
1564 1121 1931 1193 communio
1982 1128 2088 1194 est
2136 1137 2283 1194 cum
2333 1118 2595 1192 Dianae
2645 1116 2855 1214 Orty-

544 1265 547 1266 ⁷
629 1227 802 1323 giis,
880 1249 968 1297 ex
1032 1246 1304 1320 quarum
1366 1247 1498 1298 uua
1548 1218 1925 1320 Sophocles
1987 1223 2056 1294 iu
2109 1222 2497 1295 Trachiniis
2565 1224 2853 1295 v.-212.

610 1326 958 1424 Ἄρτεμιν
991 1320 1400 1425 Ὀρτυγίαν
1449 1324 1664 1414 dixit,
1718 1322 1891 1421 quod
1942 1324 2336 1414 scholiastes
2386 1325 2857 1420 interpretatur

626 1426 770 1524 τὴν
817 1428 901 1504 ἐν
934 1423 1297 1528 Ὀρτυγίᾳ
1344 1423 1794 1520 τιμωμένην.
1909 1423 2163 1498 Earum
2231 1450 2398 1523 quae
2449 1425 2539 1497 sit
2587 1426 2748 1516 illa,
2817 1447 2857 1496 a

632 1553 763 1628 qua
827 1539 1128 1605 caeterae
1192 1537 1345 1601 sunt
1396 1526 1891 1618 denominatae,
1962 1528 2186 1625 prodit
2235 1551 2469 1599 versus
2513 1525 2860 1599 Homerici

629 1631 702 1705 in
750 1631 1134 1730 Apollinem
1182 1629 1404 1726 hymni
1459 1630 1581 1704 16.
1634 1653 1763 1726 quo
1804 1626 2074 1701 Latona
2122 1629 2466 1727 peperisse
2517 1628 2763 1700 dicitur

487 1779 584 1856 16
833 1777 974 1877 τὴν
1019 1778 1164 1877 μ’ὲν
1213 1781 1294 1853 ἐν
1330 1775 1713 1882 Ὀρτυγίῃ,
1764 1777 1902 1853 τὸν
1949 1775 2033 1853 δὲ
2082 1787 2372 1879 κραναῇ
2424 1777 2535 1855 ἐνὶ
2565 1774 2811 1877 Δήλῳ,

631 1933 955 2032 repetitus
1004 1933 1124 2005 ille
1170 1932 1243 2003 in
1295 1929 1596 2029 Orphico
1649 1932 1719 2004 h·.
1769 1930 2138 2008 XXXIV.
2193 1933 2268 2007 5.
2335 1930 2865 2006 Consentaneum

633 2045 739 2110 est
772 2035 963 2106 ‘enim
995 2034 1362 2130 proximam
1392 2034 1570 2105 Delo
1604 2033 1942 2105 Rheneam
1972 2034 2287 2130 intelligi,
2341 2034 2423 2106 dc
2459 2059 2588 2132 qua
2615 2033 2861 2108 Strabo

632 2136 738 2209 X.
792 2138 867 2226 5,
923 2138 998 2210 5.
1048 2161 1117 2232 p.
1169 2138 1346 2211 486.
1400 2136 1542 2207 sive
1594 2136 1730 2208 vol.
1782 2133 1918 2207 IV.
1970 2160 2042 2231 p.
2074 2137 2250 2210 324.
2304 2131 2729 2231 ὠνομάζετο
2777 2132 2864 2210 δὲ

634 2235 763 2312 καὶ
794 2235 1155 2339 Ὀρτυγία
1204 2232 1588 2334 πρότερον,
1642 2260 1807 2334 quae
1860 2238 2057 2308 verba
2091 2235 2531 2333 Spanhemius
2582 2239 2670 2309 ad
2702 2235 2867 2311 Cal-

634 2339 779 2412 lim.
831 2339 898 2411 h.
950 2338 1113 2411 Del.
1167 2341 1292 2414 37.
1356 2364 1429 2436 p.
1480 2342 1659 2413 408.
1726 2338 1896 2411 falso
1949 2339 2032 2409 ad
2083 2339 2328 2410 Delum
2380 2340 2625 2430 refert,
2697 2363 2864 2436 quae

639 2449 709 2513 et
757 2441 905 2537 ipsa
957 2440 1133 2513 dicta
1184 2450 1288 2513 est
1327 2438 1638 2538 Ortygia,
1690 2448 1766 2513 ut
1813 2439 1987 2512 idem
2039 2450 2108 2513 et
2156 2442 2288 2514 isto
2338 2442 2491 2514 loco
2541 2452 2610 2514 et
2659 2442 2744 2513 ad
2792 2441 2865 2513 h.

638 2540 871 2638 Apoll.
924 2543 1048 2617 59.
1117 2542 1426 2616 ostendit.
1545 2541 1798 2614 Contra
1865 2543 2060 2614 etiam
2127 2542 2468 2615 Rheneam
2514 2543 2678 2615 Deli
2740 2568 2868 2615 no-

638 2644 814 2714 mine
877 2652 1176 2715 vocatam
1241 2649 1388 2714 esse
1455 2643 1559 2714 ait·
1614 2642 2008 2715 scholiastes
2060 2643 2415 2717 Theocriti
2477 2644 2561 2717 ad
2610 2642 2866 2717 XVII.

639 2745 768 2818 70.
833 2741 949 2813 Ex
999 2743 1125 2814 hac
1172 2743 1380 2838 igitur
1430 2740 1718 2839 Ortygia
1766 2744 2027 2816 videtur
2074 2747 2294 2817 natale
2344 2746 2559 2818 solum
2608 2744 2866 2818 Dianae

643 2840 1212 2916 communicatum
1237 2867 1384 2916 esse
1436 2868 1582 2916 eum
1634 2844 1785 2915 aliis
1836 2836 2047 2937 locis,
2114 2848 2497 2919 nominatim
2558 2871 2709 2920 cnm
2756 2872 2864 2938 eo,

645 2944 760 3041 qui
807 2944 877 3015 in
925 2953 1145 3017 moute
1194 2944 1501 3018 Aetoliae
1554 2944 1875 3019 Chalcide
1939 2947 2156 3020 dictus
2224 2959 2329 3021 est
2366 2946 2715 3044 Ortygia,
2786 2948 2866 3021 de

647 3071 775 3143 quo
807 3043 1073 3119 'Strabo
1124 3046 1228 3118 X.
1276 3073 1350 3144 p.
1401 3049 1578 3123 459.
1645 3054 1714 3119 et
1763 3071 1911 3120 cum
1961 3049 2176 3122 vicina
2226 3049 2500 3146 Epheso
2553 3050 2865 3148 Ortygia,

644 3149 714 3219 in
779 3171 907 3244 qua
970 3149 1197 3220 nutrix
1246 3148 1505 3221 Dianae
1557 3146 1843 3245 Ortygia
1908 3152 2247 3223 colebatur
2310 3150 2640 3225 Strabone
2698 3160 2868 3225 teste

645 3247 860 3321 XIV.
912 3274 983 3347 p.
1034 3252 1211 3325 639.
1264 3275 1448 3347 seq.,
1521 3250 1801 3348 denique
1869 3277 2013 3324 eum
2064 3253 2225 3345 illa,
2298 3278 2465 3349 quae
2518 3252 2869 3349 Syracusis

646 3359 753 3423 est
802 3353 1191 3444 coniuncta,
1261 3354 1401 3423 sive
1451 3352 1612 3424 illae
1664 3377 1749 3424 ex
1803 3355 2209 3426 coturnicum
2259 3355 2870 3451 admigratiouibus,

649 3454 790 3525 sive
844 3453 926 3524 ob
979 3476 1168 3525 sacra
1199 3451 1457 3524 Dianae
1509 3478 1652 3526 eam
1704 3464 1856 3527 sunt
1907 3457 2414 3552 appellationem
2466 3457 2773 3554 adeptae.

851 3552 961 3625 Ita
986 3555 1437 3651 multiplicatis
1474 3556 1684 3628 sacris
1713 3557 1997 3648 Dianae,
2049 3559 2654 3655 communicatoque
2690 3561 2873 3633 cultu

642 3679 800 3735 ,cum
850 3655 1126 3728 aliarum
1175 3657 1606 3753 religionibus
1671 3658 1937 3731 dearum
2002 3683 2133 3731 non
2201 3669 2305 3732 est
2369 3661 2557 3733 nobis
2620 3662 2871 3733 animus

654 3756 915 3852 singula
963 3760 1297 3855 persequi,
1351 3782 1516 3855 quae
1565 3760 1806 3857 partim
1854 3760 2375 3856 inexplicabilia,
2429 3763 2671 3859 partim
2703 3762 2873 3835 deli-

654 3866 948 3930 ramenta
1010 3860 1534 3957 mythologorum
1599 3869 1789 3952 sunt,
1862 3862 1969 3933 vel
2021 3860 2450 3957 Calydonium
2514 3888 2699 3938 suem
2759 3871 2874 3936 aut

654 3957 1048 4031 Arcadicum
1096 3985 1313 4034 ursam
1364 3961 1650 4033 Dianam
1698 3987 1847 4034 esse
1890 3963 2419 4059 imaginantium,
2486 3968 2874 4063 ursulasque

657 4059 1050 4234 gptpeltliitare
1100 4071 1525 4236 cffisffmtatsi
1582 4063 2201 4237 deaptiBrauroniae
2258 4069 2519 4240 ΡιίιίοΙξεε
2536 4069 2876 4241 3⁰¹¹]qu-

700 4186 838 4234 1-an
895 4185 1026 4233 um.
1236 4189 1278 4238 u
1385 4188 1471 4261 po
1528 4188 1606 4237 us
1671 4188 1708 4235 a
1794 4189 2104 4261 agemus,
2184 4191 2312 4263 quo
2420 4193 2490 4240 ln
2746 4194 2874 4242 uns
2970 4246 2977 4253 ,

657 4265 1047 4360 Dianaeque
1117 4266 1528 4340 veneratione
1602 4267 1883 4339 maxime
1945 4265 2305 4340 mirandum
2371 4270 2582 4342 videri
2602 4195 2871 4362 l”debon

662 4368 777 4464 qui
823 4368 1070 4440 factum
1120 4368 1249 4461 sit,
1297 4375 1399 4460 ut,
1453 4368 1516 4442 si
1565 4368 1870 4464 primitus
1918 4369 1991 4441 hi
2039 4369 2135 4441 dii
2182 4369 2310 4445 Sol
2360 4380 2430 4445 et
2476 4370 2680 4446 Luna
2724 4373 2876 4457 fue-
