3192 4992
1186 353 1301 413 DE
1351 352 1839 454 'ATLANTEffi
2487 354 2619 422 259

393 542 550 593 arca
581 515 878 615 Cypseli,
929 542 971 590 a
1020 542 1150 615 qua
1200 521 1397 615 'quum
1444 527 1724 617 propter
1765 526 2157 594 vetustatem
2185 524 2612 616 monumenti,

393 628 533 693 tum
585 642 813 693 versus
878 620 1201 718 adscripti
1266 620 1645 694 testimonio
1699 622 1917 693 aliena
1966 623 2228 695 videtur
2291 624 2612 720 sphaerae

391 721 672 817 effigies.
787 722 894 795 Ae
942 722 1168 794 nescio
1234 745 1319 794 an
1379 721 1749 794 Pausanias
1809 723 1956 819 ipse
2020 724 2332 796 indicium
2381 725 2610 820 faciat,

391 847 582 919 quum
632 823 919 895 scribat=
975 822 1237 904 ’,Ἄτλας
1285 820 1403 895 ἐπὶ
1440 830 1598 898 τῶν
1642 822 1873 918 ὤμων
1905 822 2096 897 κατὰ
2127 823 2221 897 τὰ
2253 821 2612 925 λεγόμενα

389 919 715 1022 οὐρανόν
761 951 841 996 τε
892 922 1132 1017 ἀνέχει
1181 922 1307 997 καὶ
1357 929 1521 1025 γῆν.
1623 923 1858 1021 Neque
1911 926 2083 997 enim
2149 951 2237 999 ex
2296 928 2406 1002 his
2458 952 2612 1024 yer-

388 1025 485 1096 bis
536 1024 606 1095 id
660 1025 834 1121 quod
886 1024 1296 1098 Letronnius
1350 1026 1774 1121 collegerim,
1842 1026 2167 1099 ‘artificem
2220 1052 2299 1100 ea
2353 1053 2518 1124 quae
2569 1055 2611 1103 a

383 1127 600 1222 poetis
650 1127 895 1198 tradita
946 1135 1171 1200 essent
1220 1128 1674 1223 expressissez
1740 1128 1869 1200 etsi
1931 1129 2102 1201 hane
2165 1131 2425 1202 minime
2476 1131 2611 1203 fal-

381 1251 522 1298 sam
570 1227 1181 1323 interpretationem
1234 1252 1381 1301 esse
1431 1228 1684 1302 fateor=
1751 1229 1908 1320 sed,
1974 1231 2033 1301 si
2083 1238 2287 1302 totam
2339 1239 2610 1305 senten-

379 1328 538 1399 tiam
609 1329 1138 1422 consideramus,
1221 1353 1385 1425 quae
1439 1328 1648 1406 ‚hisce
1720 1331 1937 1402 verbis
2017 1332 2388 1428 perscripta
2464 1342 2605 1406 este

352 1429 625 1510 ’Ἄτλας
673 1426 756 1502 δὲ
808 1428 926 1502 ἐπὶ
973 1426 1117 1523 μὲν
1161 1437 1322 1505 τῶν
1361 1430 1592 1526 ιῖίμων
1625 1430 1817 1505 κατὰ
1862 1429 1958 1504 τὰ
1989 1428 2347 1533 λεγόμενα
2379 1431 2608 1529 οὖρα-

377 1525 517 1605 νόν
577 1558 657 1603 τε
708 1529 950 1625 ἀνέχει
997 1530 1125 1610 καὶ
1185 1538 1372 1633 γῆν,
1437 1531 1640 1634 φέρει
1702 1530 1785 1606 δὲ
1833 1530 1962 1607 καὶ
2018 1532 2121 1608 τὰ
2158 1532 2607 1630 Ἑωῑερίὸων

374 1638 607 1727 μῆλα·
675 1632 847 1704 lianc
895 1633 1117 1729 potius
1167 1643 1447 1706 mentem
1499 1635 1846 1731 scriptoris
1898 1635 2102 1708 fuisse
2144 1633 2604 1733 intelligimus,

373 1734 444 1804 in
496 1758 576 1806 eo
630 1733 891 1829 quidem
942 1758 1346 1807 communem
1399 1735 1775 1831 opinionem
1839 1745 2183 1832 sequutum
2240 1761 2388 1809 esse
2439 1739 2629 1810 arti:
2749 1799 2753 1812 .

373 1835 604 1926 ficem,
675 1843 752 1907 ut
813 1836 1153 1908 Atlantem
1216 1836 1469 1909 faceret
1518 1839 1774 1911 caelum
1844 1846 1913 1909 et
1960 1845 2202 1911 terram
2250 1847 2603 1931 tenentem,

370 1935 540 2034 illud
589 1944 807 2010 autem
858 1937 941 2014 de
993 1961 1113 2009 suo
1165 1933 1539 2031 addidisse,
1606 1948 1682 2011 ut
1731 1938 1797 2011 ei
1848 1940 2045 2014 etiam
2094 1963 2290 2037 poma
2335 1939 2607 2038 Hespe&

369 2036 586 2114 ridum
634 2036 907 2110 ferenda
970 2035 1249 2118 dederit.
1365 2037 1477 2120 Ita
1527 2040 1588 2114 si
1637 2039 1803 2114 haec
1851 2040 2396 2137 interpretamur,
2468 2066 2605 2118 non

369 2135 719 2212 dissentiet
766 2133 1135 2214 Pausanias
1187 2163 1227 2214 a
1277 2163 1500 2216 versu·
1523 2141 1698 2236 isto,
1783 2143 1895 2240 qui
1961 2144 2248 2239 scriptus
2311 2143 2377 2214 in
2447 2166 2603 2218 arca
2708 2147 2712 2151 ’

365 2239 516 2332 fuit,
571 2239 689 2312 sed
707 2291 734 2332 ,
785 2238 1148 2313 Homerum
1198 2242 1561 2339 respiciens
1615 2267 1812 2339 quum
1861 2243 2053 2317 κατὰ
2100 2241 2196 2316 τὰ
2245 2237 2602 2344 λεγόμενα

366 2341 666 2439 scripsit,
718 2342 849 2414 hoe
900 2341 1101 2434 dicet,
1154 2352 1458 2417 servatae
1502 2341 1901 2418 Homericae
1950 2345 2312 2417 narrationi
2362 2370 2596 2417 novum

366 2442 525 2542 quid
576 2441 657 2515 ab
710 2440 968 2530 artifice
1020 2467 1169 2516 esse
1219 2442 1572 2520 adiectum.
1675 2442 1819 2522 Sed
1867 2445 2032 2520 satis
2085 2445 2168 2518 de
2198 2443 2498 2522 Atlante.

1922 4445 2179 4555 ’Μ
