3192 4992
625 327 750 394 126
1228 328 1330 389 DE
1370 327 1664 389 ormcro
1704 297 2215 390 minuemus.
2315 313 2319 318 ’

622 498 838 595 ipsum
886 494 1326 591 fragmentum
1368 494 1619 592 aliquid
1666 494 1895 566 indicii
1942 487 2308 591 praebeat?
2406 492 2501 590 At
2546 494 2716 566 nihil
2755 518 2861 570 eo

626 598 997 672 continetur
1045 596 1174 668 nisi
1217 594 1597 669 Stratonem
1651 596 2014 693 quemdam,
2069 596 2243 693 quod
2291 596 2653 692 plaustrum
2706 617 2841 667 non

619 700 897 788 habeat,
969 705 1436 795 contemptum‘
1472 700 1647 770 inter
1695 694 1981 792 Scythas
2045 721 2303 772 errare:
2386 722 2573 794 quem
2627 697 2841 770 homi·-

626 826 811 892 nem,
880 824 1072 896 quum
1091 799 1204 894 ⁸*ab
1256 798 1553 871 Hierone
1604 800 1815 872 mulos
1870 800 2274 896 accepisset,
2332 800 2523 871 etiam
2580 823 2840 870 currum

623 902 939 1001 petivisse
990 900 1193 973 refert
1244 901 1660 973 scholiastes.
1763 899 1871 972 Ea
1923 925 2075 973 vero
2122 901 2494 973 narratione
2530 901 2658 972 hoc
2692 913 2841 972 tan-

624 1014 762 1076 tum
814 1003 1125 1093 efficitur,
1198 1008 1273 1074 ut
1321 1003 1613 1098 potuerit
1661 1002 1731 1073 id
1783 1026 2079 1094 carmen,
2145 1003 2215 1075 in
2269 1027 2395 1099 quo
2446 1002 2561 1073 isti
2616 1026 2838 1073 versus

493 1193 500 1200 ι
622 1106 915 1194 fuerunt,
963 1102 1245 1176 Hieroni
1299 1103 1616 1200 scriptum
1667 1128 1842 1194 esse,
1892 1105 2154 1177 minime
2200 1114 2414 1176 autem
2448 1113 2521 1175 ut
2555 1104 2643 1175 sit
2670 1102 2840 1174 Hie-

622 1206 774 1280 roni
821 1205 1165 1301 scriptum,
1214 1229 1364 1296 nec,
1418 1206 1479 1276 si
1529 1205 1643 1297 sit,
1695 1214 1769 1278 ut
1819 1206 1908 1277 sit
1942 1207 2117 1278 idem
2158 1230 2303 1278 cum
2337 1205 2881 1301 hyporchematef
2920 1230 2924 1233 ·

623 1308 774 1380 illo.
875 1304 1018 1379 Sed
1068 1315 1209 1379 tota
1258 1307 1377 1377 illa
1424 1307 1717 1379 narratio
1769 1308 1962 1380 nimis
2014 1308 2178 1379 mira
2229 1315 2330 1379 est
2381 1317 2576 1403 atque
2622 1306 2842 1378 incr'e-

624 1409 873 1481 dibilis.
977 1406 1154 1498 Quid
1205 1401 1431 1480 enim?
1531 1405 1723 1481 Itane
1788 1410 2022 1481 luserit
2086 1433 2318 1501 casae,
2398 1420 2473 1481 ut
2535 1409 2596 1479 is
2648 1408 2839 1483 homo
2896 1457 2909 1471 ·

626 1510 708 1583 de
762 1534 889 1607 quo
940 1508 1270 1582 Pindarus
1320 1510 1748 1606 loquebatur,
1827 1510 2001 1582 idem
2064 1536 2298 1583 nomen
2349 1510 2619 1582 haberet
2668 1509 2843 1605 quod

625 1611 1051 1684 Atheniensis
1102 1612 1259 1703 ille,
1313 1636 1502 1708 quem
1555 1619 1623 1683 et
1672 1611 1784 1683 hic
1833 1620 1901 1683 et
1949 1612 2019 1684 in
2068 1612 2362 1685 Acharn.
2414 1636 2479 1684 V.
2537 1614 2707 1686 119.
2744 1611 2840 1707 ¹⁹)

624 1714 848 1809 tetigit
917 1707 1461 1809 Aristophanes?
1588 1712 1917 1786 Habuerit
1992 1724 2250 1785 autem:
2342 1713 2498 1811 quid
2565 1713 2839 1803 homini,

628 1839 818 1910 quem
870 1811 1356 1909 Syracusanum
1419 1814 1627 1886 fuisse
1680 1815 1863 1886 credi
1920 1838 2040 1911 par
2105 1824 2246 1908 est,
2319 1814 2664 1887 errandum
2718 1814 2845 1885 fuit

619 1917 800 1997 inter
826 1910 1166 2010 Scythas?
1237 1914 1525 1988 Omnino
1577 1924 1794 1987 autem
1846 1918 1992 2012 quis
2038 1917 2263 1990 credat
2294 1917 2619 1989 hominem
2647 1917 2847 2013 igno-

624 2016 849 2109 bilem,
905 2018 1017 2115 qui
1057 2017 1259 2103 mulis
1311 2018 1390 2089 ab
1423 2016 1719 2090 Hierone
1772 2017 2049 2089 donatus
2101 2020 2299 2089 etiam
2328 2019 2694 2115 plaustrum
2732 2044 2846 2090 ro-

625 2120 922 2215 gaverit,
975 2118 1239 2215 dignum
1292 2120 1908 2192 commemoratione
1960 2143 1998 2191 a
2047 2118 2339 2192 Pindaro
2393 2144 2539 2192 esse
2588 2120 2846 2193 iudica·-

625 2213 820 2292 tum?
919 2218 1128 2292 Immo
1195 2221 1255 2293 si
1319 2220 1569 2319 aliquid
1633 2222 1772 2292 veri
1823 2231 1926 2294 est
1989 2222 2060 2294 in
2122 2223 2499 2294 narratione
2555 2222 2847 2293 scholia-

624 2331 795 2414 stae,
848 2321 931 2394 de
984 2345 1135 2418 qua,
1190 2323 1342 2418 quia
1392 2330 1620 2419 aperte
1660 2347 1792 2395 non
1834 2321 2162 2420 integrum
2203 2332 2305 2395 est
2336 2323 2662 2415 scholion,
2713 2345 2847 2395 non

622 2432 847 2521 potest
897 2424 1062 2497 certi
1117 2424 1273 2520 quid
1324 2426 1551 2515 statui,
1604 2425 1733 2498 hoc
1783 2434 2033 2497 tantum
2081 2425 2271 2497 nobis
2305 2426 2465 2497 licet
2499 2425 2842 2521 colligere,

619 2524 1086 2621 respicientem
1138 2534 1399 2621 poetam
1452 2526 1534 2597 ad
1575 2526 1745 2597 illud
1779 2526 2045 2619 factum,
2100 2526 2269 2622 quod
2306 2535 2620 2598 memorat
2648 2527 2847 2599 scho-

622 2627 896 2716 liastes,
969 2628 1298 2698 contemni
1331 2713 1334 2720 ἵ
1362 2626 1535 2721 apud
1587 2623 1872 2721 Scythas
1941 2628 2231 2719 dixisse,
2305 2630 2416 2723 qui
2480 2628 2847 2724 plaustrum

622 2749 758 2798 non
807 2726 1069 2797 habeat.
1170 2723 1405 2822 Itaque
1457 2727 1632 2797 haud
1682 2752 1989 2800 erravero
2017 2727 2324 2821 fortasse,
2379 2731 2439 2801 si
2473 2726 2847 2826 Στράτων

622 2827 692 2898 in
744 2825 1020 2897 Pindari
1083 2826 1301 2898 verbis
1366 2851 1489 2923 per
1554 2851 1844 2900 errorem
1914 2854 2001 2902 ex
2050 2831 2496 2929 Aristophane
2559 2834 2844 2928 positum

626 2939 801 3018 esse,
855 2952 1052 3024 quum
1092 2926 1422 3000 Pindarus
1475 2921 1868 3001 adiectivum
1919 2931 2188 3027 aliquod
2237 2933 2640 3029 scripsisset,
2694 2960 2844 3007 ver-

625 3052 866 3126 susque
919 3029 1060 3102 eius
1110 3030 1278 3102 tales
1327 3029 1535 3102 fuisse
1586 3031 1971 3108 conieceroz

874 3175 1282 3276 νομάδεσσι
1329 3179 1475 3281 γὰρ
1529 3182 1611 3257 ἓν
1642 3143 2012 3268 χΣκύθαις
2048 3184 2326 3258 ἀλᾶται
2373 3181 2629 3281 μόνος,

879 3281 972 3367 ὃςχ
1009 3281 1581 3381 ἆμαξοφόρητον
1630 3282 1835 3362 οἶκον
1886 3283 1976 3362 οὗ
2025 3285 2362 3376 πέπαται,

877 3383 1132 3481 ἀκλεὴς
1181 3382 1257 3459 δ’
1319 3385 1459 3481 ἔβα
1507 3384 1716 3461 τῶνδ
1716 3415 1773 3459 ε.

503 3542 506 3545 ”
627 3536 831 3630 Quod.
871 3537 931 3609 si
984 3537 1129 3633 quis
1183 3537 1476 3630 obiiciat,
1527 3537 1597 3609 id
1637 3537 1717 3621 ὃς
1756 3536 1859 3635 μὴ
1896 3536 2209 3612 πέπαται
2239 3539 2579 3613 dicendum
2610 3542 2840 3636 fuisse,

625 3639 993 3728 meminerit
1044 3639 1238 3711 etiam
1308 3638 1399 3712 οὗ
1461 3648 1643 3712 recte
1711 3641 1846 3715 dici
1907 3665 2054 3713 cum
2104 3642 2302 3714 verbo
2354 3642 2424 3714 in
2473 3668 2668 3718 unam
2716 3672 2842 3718 no-

617 4003 620 4006 ,
799 3940 890 4024 ¹9)
947 3939 1106 4003 Hunc
1134 3945 1440 4019 Stratonem,
1480 3955 1814 4006 memoratum
1858 3951 2010 4006 etiam
2051 3952 2106 4007 in
2131 3947 2261 4026 qu.
2297 3949 2478 4009 1371.
2521 3958 2574 4009 et
2612 3956 2667 4010 in
2700 3944 2839 4013 ‘02-

628 4019 824 4094 κάσιν,
858 4025 952 4107 (fr.
998 4028 1168 4109 361.)
1223 4031 1481 4090 hominem
1523 4033 1729 4090 mollem
1774 4051 1917 4103 esse,
1972 4042 2024 4092 et
2077 4037 2190 4092 sine
2241 4034 2393 4093 dubio
2448 4037 2630 4107 alium,
2688 4057 2840 4114 quam
2894 4063 2901 4074 Χ

630 4115 693 4172 de
737 4135 836 4191 quo
879 4117 934 4171 in
953 4113 1183 4183 -Avibu8‚
1225 4136 1375 4192 quem
1415 4117 1498 4174 vel
1541 4121 1787 4175 miserum
1828 4107 2031 4193 po'etam
2075 4137 2208 4188 esse,
2250 4121 2332 4178 vel
2376 4141 2441 4179 ex
2481 4120 2706 4180 Pindaro
2748 4143 2841 4199 per

625 4205 797 4258 iocum
852 4206 1052 4256 servato
1106 4204 1312 4258 nomine
1364 4200 1656 4259 Stratonem
1706 4209 1897 4260 vocari.
1981 4204 2042 4261 In
2087 4202 2411 4263 adnotatione
2468 4205 2533 4263 ad
2573 4204 2838 4283 Hyporch.

626 4286 695 4344 fr.
739 4284 799 4343 2.
844 4281 902 4342 3.
943 4303 1034 4361 pro
1076 4282 1243 4354 „Non
1286 4288 1386 4343 sibi
1426 4293 1596 4346 tamen
1609 4291 1642 4319 “
1682 4287 2004 4346 scribendum
2047 4306 2194 4349 esse:
2247 4289 2520 4363 „Pindaro
2561 4295 2722 4371 igitur
2761 4295 2836 4349 in·
2922 4312 2933 4319 ·

627 4377 846 4446 terprete
885 4387 1016 4428 usus
1059 4388 1263 4427 currum
1302 4373 1531 4447 postulat
1570 4372 1742 4431 Strato
1785 4371 2042 4449 qmdam.“
