<?xml version="1.0" encoding="UTF-8"?>
<!DOCTYPE html PUBLIC "-//W3C//DTD XHTML 1.0 Transitional//EN"
    "http://www.w3.org/TR/xhtml1/DTD/xhtml1-transitional.dtd">
<html xmlns="http://www.w3.org/1999/xhtml" xml:lang="en" lang="en">
 <head>
  <title>
</title>
<meta http-equiv="Content-Type" content="text/html;charset=utf-8" />
  <meta name='ocr-system' content='tesseract 3.04.00' />
  <meta name='ocr-capabilities' content='ocr_page ocr_carea ocr_par ocr_line ocrx_word'/>
</head>
<body>
  <div class='ocr_page' id='page_1' title='image "./godofrediherman00fritgoog_0422.png"; bbox 0 0 3192 4992; ppageno 0'>
   <div class='ocr_carea' id='block_1_1' title="bbox 615 300 2595 411">
    <p class='ocr_par' dir='ltr' id='par_1_1' title="bbox 615 300 2595 411">
     <span class='ocr_line' id='line_1_1' title="bbox 615 300 2595 411; baseline -0.001 -2"><span class='ocrx_word' id='word_1_1' title='bbox 615 339 751 411; x_wconf 70' lang='lat' dir='ltr'>uo</span> <span class='ocrx_word' id='word_1_2' title='bbox 871 300 1271 409; x_wconf 66' lang='lat' dir='ltr'>mvm‘no</span> <span class='ocrx_word' id='word_1_3' title='bbox 1310 342 1417 407; x_wconf 66' lang='lat' dir='ltr'>an</span> <span class='ocrx_word' id='word_1_4' title='bbox 1458 339 2151 405; x_wconf 60' lang='lat' dir='ltr'>moenum-mm</span> <span class='ocrx_word' id='word_1_5' title='bbox 2188 337 2595 407; x_wconf 64' lang='lat' dir='ltr'>aueum-u</span> 
     </span>
    </p>
   </div>
   <div class='ocr_carea' id='block_1_2' title="bbox 423 503 3157 4468">
    <p class='ocr_par' dir='ltr' id='par_1_2' title="bbox 616 503 2840 605">
     <span class='ocr_line' id='line_1_2' title="bbox 616 503 2840 605; baseline -0.001 -24"><span class='ocrx_word' id='word_1_6' title='bbox 616 508 920 583; x_wconf 78' lang='lat' dir='ltr'>caritatis</span> <span class='ocrx_word' id='word_1_7' title='bbox 980 508 1327 585; x_wconf 74' lang='lat' dir='ltr'>testandae</span> <span class='ocrx_word' id='word_1_8' title='bbox 1387 532 1663 585; x_wconf 65' lang='lat' dir='ltr'>caum·</span> <span class='ocrx_word' id='word_1_9' title='bbox 1745 530 1952 605; x_wconf 75' lang='lat' dir='ltr'>quare</span> <span class='ocrx_word' id='word_1_10' title='bbox 2013 504 2248 585; x_wconf 82' lang='lat' dir='ltr'>eodem</span> <span class='ocrx_word' id='word_1_11' title='bbox 2308 503 2580 602; x_wconf 75' lang='lat' dir='ltr'>pietatis</span> <span class='ocrx_word' id='word_1_12' title='bbox 2641 526 2840 587; x_wconf 67' lang='lat' dir='ltr'>tenu</span> 
     </span>
    </p>

    <p class='ocr_par' dir='ltr' id='par_1_3' title="bbox 618 606 2974 708">
     <span class='ocr_line' id='line_1_3' title="bbox 618 606 2974 708; baseline 0.001 -26"><span class='ocrx_word' id='word_1_13' title='bbox 618 617 696 682; x_wconf 86' lang='lat' dir='ltr'>nt</span> <span class='ocrx_word' id='word_1_14' title='bbox 756 612 1277 708; x_wconf 77' lang='lat' dir='ltr'>contemplantes</span> <span class='ocrx_word' id='word_1_15' title='bbox 1353 611 1732 685; x_wconf 84' lang='lat' dir='ltr'>afficiantur</span> <span class='ocrx_word' id='word_1_16' title='bbox 1795 608 2150 705; x_wconf 86' lang='lat' dir='ltr'>postulari.</span> <span class='ocrx_word' id='word_1_17' title='bbox 2265 606 2480 702; x_wconf 72' lang='lat' dir='ltr'>Atqui</span> <span class='ocrx_word' id='word_1_18' title='bbox 2539 615 2838 683; x_wconf 70' lang='lat' dir='ltr'>neutu-</span> <span class='ocrx_word' id='word_1_19' title='bbox 2969 674 2974 683; x_wconf 94' lang='lat'>.</span> 
     </span>
    </p>

    <p class='ocr_par' dir='ltr' id='par_1_4' title="bbox 616 708 2837 809">
     <span class='ocr_line' id='line_1_4' title="bbox 616 708 2837 809; baseline -0.002 -22"><span class='ocrx_word' id='word_1_20' title='bbox 616 710 857 787; x_wconf 80' lang='lat' dir='ltr'>eadere</span> <span class='ocrx_word' id='word_1_21' title='bbox 916 713 989 785; x_wconf 93' lang='lat' dir='ltr'><strong>in</strong></span> <span class='ocrx_word' id='word_1_22' title='bbox 1051 736 1173 805; x_wconf 91' lang='lat' dir='ltr'>ea,</span> <span class='ocrx_word' id='word_1_23' title='bbox 1248 714 1486 809; x_wconf 78' lang='lat' dir='ltr'>quibus</span> <span class='ocrx_word' id='word_1_24' title='bbox 1548 712 1859 786; x_wconf 77' lang='lat' dir='ltr'><strong>utilitatis</strong></span> <span class='ocrx_word' id='word_1_25' title='bbox 1921 733 2160 783; x_wconf 78' lang='lat' dir='ltr'><strong>caussa</strong></span> <span class='ocrx_word' id='word_1_26' title='bbox 2215 708 2540 785; x_wconf 71' lang='lat' dir='ltr'>institutis</span> <span class='ocrx_word' id='word_1_27' title='bbox 2603 732 2837 783; x_wconf 74' lang='lat' dir='ltr'>nomen</span> 
     </span>
    </p>

    <p class='ocr_par' dir='ltr' id='par_1_5' title="bbox 614 809 2837 1115">
     <span class='ocr_line' id='line_1_5' title="bbox 616 809 2837 912; baseline -0 -28"><span class='ocrx_word' id='word_1_28' title='bbox 616 812 743 884; x_wconf 72' lang='lat' dir='ltr'>viri</span> <span class='ocrx_word' id='word_1_29' title='bbox 794 813 959 887; x_wconf 81' lang='lat' dir='ltr'>bene</span> <span class='ocrx_word' id='word_1_30' title='bbox 1010 814 1227 887; x_wconf 88' lang='lat' dir='ltr'>meriti</span> <span class='ocrx_word' id='word_1_31' title='bbox 1274 816 1670 912; x_wconf 83' lang='lat' dir='ltr'>imponatur.</span> <span class='ocrx_word' id='word_1_32' title='bbox 1773 812 1946 885; x_wconf 79' lang='lat' dir='ltr'>Nam</span> <span class='ocrx_word' id='word_1_33' title='bbox 1994 836 2128 885; x_wconf 89' lang='lat' dir='ltr'>non</span> <span class='ocrx_word' id='word_1_34' title='bbox 2177 818 2456 907; x_wconf 84' lang='lat' dir='ltr'>propter</span> <span class='ocrx_word' id='word_1_35' title='bbox 2485 809 2694 900; x_wconf 88' lang='lat' dir='ltr'>illum,</span> <span class='ocrx_word' id='word_1_36' title='bbox 2745 835 2837 883; x_wconf 79' lang='lat' dir='ltr'>ex</span> 
     </span>
     <span class='ocr_line' id='line_1_6' title="bbox 615 911 2836 1035; baseline 0 -46"><span class='ocrx_word' id='word_1_37' title='bbox 615 915 806 989; x_wconf 81' lang='lat' dir='ltr'>cuins</span> <span class='ocrx_word' id='word_1_38' title='bbox 854 916 1116 989; x_wconf 89' lang='lat' dir='ltr'>nomine</span> <span class='ocrx_word' id='word_1_39' title='bbox 1165 926 1508 1035; x_wconf 74' lang='lat' dir='ltr'>vocentur,</span> <span class='ocrx_word' id='word_1_40' title='bbox 1560 916 1681 988; x_wconf 88' lang='lat' dir='ltr'>sed</span> <span class='ocrx_word' id='word_1_41' title='bbox 1729 922 2006 1013; x_wconf 86' lang='lat' dir='ltr'>propter</span> <span class='ocrx_word' id='word_1_42' title='bbox 2043 936 2260 1001; x_wconf 75' lang='lat' dir='ltr'>nsum,</span> <span class='ocrx_word' id='word_1_43' title='bbox 2311 934 2508 1008; x_wconf 77' lang='lat' dir='ltr'>quem</span> <span class='ocrx_word' id='word_1_44' title='bbox 2540 911 2836 989; x_wconf 77' lang='lat' dir='ltr'>habitura</span> 
     </span>
     <span class='ocr_line' id='line_1_7' title="bbox 614 1013 2832 1115; baseline -0.003 -24"><span class='ocrx_word' id='word_1_45' title='bbox 614 1015 775 1107; x_wconf 74' lang='lat' dir='ltr'>sint,</span> <span class='ocrx_word' id='word_1_46' title='bbox 826 1017 1118 1108; x_wconf 86' lang='lat' dir='ltr'>condita,</span> <span class='ocrx_word' id='word_1_47' title='bbox 1168 1042 1381 1115; x_wconf 75' lang='lat' dir='ltr'>neque</span> <span class='ocrx_word' id='word_1_48' title='bbox 1430 1019 1502 1091; x_wconf 91' lang='lat' dir='ltr'><strong>in</strong></span> <span class='ocrx_word' id='word_1_49' title='bbox 1550 1041 1701 1095; x_wconf 81' lang='lat' dir='ltr'>sese</span> <span class='ocrx_word' id='word_1_50' title='bbox 1751 1016 2021 1105; x_wconf 77' lang='lat' dir='ltr'>habere,</span> <span class='ocrx_word' id='word_1_51' title='bbox 2073 1013 2251 1110; x_wconf 81' lang='lat' dir='ltr'>quod</span> <span class='ocrx_word' id='word_1_52' title='bbox 2290 1013 2666 1089; x_wconf 68' lang='lat' dir='ltr'>memoriam</span> <span class='ocrx_word' id='word_1_53' title='bbox 2704 1013 2832 1085; x_wconf 78' lang='lat' dir='ltr'>viri</span> 
     </span>
    </p>

    <p class='ocr_par' dir='ltr' id='par_1_6' title="bbox 613 1114 2936 1223">
     <span class='ocr_line' id='line_1_8' title="bbox 613 1114 2936 1223; baseline -0.004 -28"><span class='ocrx_word' id='word_1_54' title='bbox 613 1126 1001 1210; x_wconf 71' lang='lat' dir='ltr'>conservet,</span> <span class='ocrx_word' id='word_1_55' title='bbox 1072 1126 1142 1192; x_wconf 87' lang='lat' dir='ltr'>et</span> <span class='ocrx_word' id='word_1_56' title='bbox 1200 1144 1481 1213; x_wconf 81' lang='lat' dir='ltr'>nomen,</span> <span class='ocrx_word' id='word_1_57' title='bbox 1551 1119 1710 1215; x_wconf 79' lang='lat' dir='ltr'>quia</span> <span class='ocrx_word' id='word_1_58' title='bbox 1770 1117 2048 1214; x_wconf 79' lang='lat' dir='ltr'><strong>quodvis</strong></span> <span class='ocrx_word' id='word_1_59' title='bbox 2111 1139 2262 1189; x_wconf 81' lang='lat' dir='ltr'>esse</span> <span class='ocrx_word' id='word_1_60' title='bbox 2322 1114 2832 1210; x_wconf 67' lang='lat' dir='ltr'>commutarique</span> <span class='ocrx_word' id='word_1_61' title='bbox 2913 1198 2936 1223; x_wconf 78' lang='lat'><em>.</em></span> 
     </span>
    </p>

    <p class='ocr_par' dir='ltr' id='par_1_7' title="bbox 474 1216 2837 1321">
     <span class='ocr_line' id='line_1_9' title="bbox 474 1216 2837 1321; baseline -0.004 -26"><span class='ocrx_word' id='word_1_62' title='bbox 474 1302 489 1321; x_wconf 29' lang='grc' dir='ltr'>κ</span> <span class='ocrx_word' id='word_1_63' title='bbox 613 1242 763 1295; x_wconf 72' lang='lat' dir='ltr'>eum</span> <span class='ocrx_word' id='word_1_64' title='bbox 814 1221 949 1292; x_wconf 90' lang='lat' dir='ltr'>alio</span> <span class='ocrx_word' id='word_1_65' title='bbox 998 1221 1260 1294; x_wconf 76' lang='lat' dir='ltr'>nornine</span> <span class='ocrx_word' id='word_1_66' title='bbox 1309 1221 1549 1317; x_wconf 78' lang='lat' dir='ltr'>possit,</span> <span class='ocrx_word' id='word_1_67' title='bbox 1598 1221 1670 1293; x_wconf 83' lang='lat' dir='ltr'>iu</span> <span class='ocrx_word' id='word_1_68' title='bbox 1719 1243 1964 1292; x_wconf 87' lang='lat' dir='ltr'>meram</span> <span class='ocrx_word' id='word_1_69' title='bbox 2014 1216 2526 1315; x_wconf 80' lang='lat' dir='ltr'><strong>appellationem</strong></span> <span class='ocrx_word' id='word_1_70' title='bbox 2575 1216 2679 1287; x_wconf 86' lang='lat' dir='ltr'>rei</span> <span class='ocrx_word' id='word_1_71' title='bbox 2713 1239 2837 1287; x_wconf 90' lang='lat' dir='ltr'>no-</span> 
     </span>
    </p>

    <p class='ocr_par' dir='ltr' id='par_1_8' title="bbox 610 1246 2838 1408">
     <span class='ocr_line' id='line_1_10' title="bbox 610 1246 2838 1408; baseline -0.001 -16"><span class='ocrx_word' id='word_1_72' title='bbox 610 1343 761 1393; x_wconf 85' lang='lat' dir='ltr'>men</span> <span class='ocrx_word' id='word_1_73' title='bbox 812 1320 980 1394; x_wconf 91' lang='lat' dir='ltr'><strong>illud</strong></span> <span class='ocrx_word' id='word_1_74' title='bbox 1031 1246 1353 1397; x_wconf 79' lang='lat' dir='ltr'>habentisP</span> <span class='ocrx_word' id='word_1_75' title='bbox 1382 1323 1705 1395; x_wconf 85' lang='lat' dir='ltr'>converti.</span> <span class='ocrx_word' id='word_1_76' title='bbox 1801 1319 2186 1408; x_wconf 74' lang='lat' dir='ltr'>Accedere,</span> <span class='ocrx_word' id='word_1_77' title='bbox 2240 1326 2313 1389; x_wconf 93' lang='lat' dir='ltr'>ut</span> <span class='ocrx_word' id='word_1_78' title='bbox 2362 1316 2698 1389; x_wconf 82' lang='lat' dir='ltr'>variabilis</span> <span class='ocrx_word' id='word_1_79' title='bbox 2745 1317 2838 1389; x_wconf 84' lang='lat' dir='ltr'>sit</span> 
     </span>
    </p>

    <p class='ocr_par' dir='ltr' id='par_1_9' title="bbox 610 1418 2840 1519">
     <span class='ocr_line' id='line_1_11' title="bbox 610 1418 2840 1519; baseline 0.001 -26"><span class='ocrx_word' id='word_1_80' title='bbox 610 1429 681 1494; x_wconf 90' lang='lat' dir='ltr'>et</span> <span class='ocrx_word' id='word_1_81' title='bbox 729 1423 1018 1519; x_wconf 81' lang='lat' dir='ltr'>ambigui</span> <span class='ocrx_word' id='word_1_82' title='bbox 1066 1424 1340 1499; x_wconf 71' lang='lat' dir='ltr'>lionoris</span> <span class='ocrx_word' id='word_1_83' title='bbox 1390 1425 1729 1514; x_wconf 76' lang='lat' dir='ltr'>memoria,</span> <span class='ocrx_word' id='word_1_84' title='bbox 1781 1445 1948 1519; x_wconf 83' lang='lat' dir='ltr'>quae</span> <span class='ocrx_word' id='word_1_85' title='bbox 1998 1419 2368 1493; x_wconf 78' lang='lat' dir='ltr'>nominibus</span> <span class='ocrx_word' id='word_1_86' title='bbox 2418 1418 2528 1491; x_wconf 83' lang='lat' dir='ltr'>vel</span> <span class='ocrx_word' id='word_1_87' title='bbox 2576 1418 2840 1495; x_wconf 67' lang='lat' dir='ltr'>aedium</span> 
     </span>
    </p>

    <p class='ocr_par' dir='ltr' id='par_1_10' title="bbox 609 1520 2936 1617">
     <span class='ocr_line' id='line_1_12' title="bbox 609 1520 2936 1617; baseline -0.001 -23"><span class='ocrx_word' id='word_1_88' title='bbox 609 1522 718 1595; x_wconf 82' lang='lat' dir='ltr'>vel</span> <span class='ocrx_word' id='word_1_89' title='bbox 768 1525 1046 1599; x_wconf 87' lang='lat' dir='ltr'>aliorum</span> <span class='ocrx_word' id='word_1_90' title='bbox 1109 1526 1561 1599; x_wconf 86' lang='lat' dir='ltr'>institutorum</span> <span class='ocrx_word' id='word_1_91' title='bbox 1609 1527 2051 1598; x_wconf 82' lang='lat' dir='ltr'>contineatur.</span> <span class='ocrx_word' id='word_1_92' title='bbox 2146 1521 2369 1617; x_wconf 82' lang='lat' dir='ltr'><strong>Atque</strong></span> <span class='ocrx_word' id='word_1_93' title='bbox 2435 1520 2636 1593; x_wconf 80' lang='lat' dir='ltr'>aedes</span> <span class='ocrx_word' id='word_1_94' title='bbox 2686 1520 2841 1615; x_wconf 64' lang='lat' dir='ltr'><strong>qui-2</strong></span> <span class='ocrx_word' id='word_1_95' title='bbox 2929 1546 2936 1553; x_wconf 71' lang='grc'><em>’</em></span> 
     </span>
    </p>

    <p class='ocr_par' dir='ltr' id='par_1_11' title="bbox 609 1621 2840 1824">
     <span class='ocr_line' id='line_1_13' title="bbox 609 1621 2840 1723; baseline -0 -28"><span class='ocrx_word' id='word_1_96' title='bbox 609 1623 757 1697; x_wconf 87' lang='lat' dir='ltr'>dem</span> <span class='ocrx_word' id='word_1_97' title='bbox 811 1636 885 1698; x_wconf 75' lang='lat' dir='ltr'>ut</span> <span class='ocrx_word' id='word_1_98' title='bbox 932 1628 1214 1722; x_wconf 79' lang='lat' dir='ltr'><strong>gratiam</strong></span> <span class='ocrx_word' id='word_1_99' title='bbox 1262 1635 1331 1700; x_wconf 92' lang='lat' dir='ltr'>et</span> <span class='ocrx_word' id='word_1_100' title='bbox 1380 1626 1798 1723; x_wconf 76' lang='lat' dir='ltr'>splendorem</span> <span class='ocrx_word' id='word_1_101' title='bbox 1849 1624 2094 1697; x_wconf 87' lang='lat' dir='ltr'>addant</span> <span class='ocrx_word' id='word_1_102' title='bbox 2141 1622 2520 1713; x_wconf 80' lang='lat' dir='ltr'>memoriae,</span> <span class='ocrx_word' id='word_1_103' title='bbox 2571 1621 2634 1693; x_wconf 89' lang='lat' dir='ltr'>si</span> <span class='ocrx_word' id='word_1_104' title='bbox 2672 1646 2840 1717; x_wconf 75' lang='lat' dir='ltr'>prn-</span> 
     </span>
     <span class='ocr_line' id='line_1_14' title="bbox 610 1722 2838 1824; baseline 0 -27"><span class='ocrx_word' id='word_1_105' title='bbox 610 1724 842 1799; x_wconf 81' lang='lat' dir='ltr'>denter</span> <span class='ocrx_word' id='word_1_106' title='bbox 890 1727 1310 1824; x_wconf 88' lang='lat' dir='ltr'>designatae,</span> <span class='ocrx_word' id='word_1_107' title='bbox 1376 1731 1439 1800; x_wconf 91' lang='lat' dir='ltr'>si</span> <span class='ocrx_word' id='word_1_108' title='bbox 1486 1729 1615 1801; x_wconf 89' lang='lat' dir='ltr'>rite</span> <span class='ocrx_word' id='word_1_109' title='bbox 1665 1727 1998 1824; x_wconf 80' lang='lat' dir='ltr'>perfectae</span> <span class='ocrx_word' id='word_1_110' title='bbox 2015 1776 2040 1817; x_wconf 92' lang='lat'>,</span> <span class='ocrx_word' id='word_1_111' title='bbox 2093 1724 2154 1797; x_wconf 90' lang='lat' dir='ltr'>si</span> <span class='ocrx_word' id='word_1_112' title='bbox 2203 1723 2289 1797; x_wconf 87' lang='lat' dir='ltr'>ad</span> <span class='ocrx_word' id='word_1_113' title='bbox 2340 1722 2838 1801; x_wconf 74' lang='lat' dir='ltr'>diuturnitatem</span> 
     </span>
    </p>

    <p class='ocr_par' dir='ltr' id='par_1_12' title="bbox 606 1823 2958 1926">
     <span class='ocr_line' id='line_1_15' title="bbox 606 1823 2958 1926; baseline -0.003 -25"><span class='ocrx_word' id='word_1_114' title='bbox 606 1828 862 1915; x_wconf 85' lang='lat' dir='ltr'>firmae,</span> <span class='ocrx_word' id='word_1_115' title='bbox 912 1829 995 1901; x_wconf 87' lang='lat' dir='ltr'>ad</span> <span class='ocrx_word' id='word_1_116' title='bbox 1050 1853 1235 1901; x_wconf 89' lang='lat' dir='ltr'>nsum</span> <span class='ocrx_word' id='word_1_117' title='bbox 1284 1830 1583 1926; x_wconf 85' lang='lat' dir='ltr'>amplae,</span> <span class='ocrx_word' id='word_1_118' title='bbox 1635 1829 1715 1901; x_wconf 93' lang='lat' dir='ltr'>ad</span> <span class='ocrx_word' id='word_1_119' title='bbox 1768 1829 2059 1926; x_wconf 86' lang='lat' dir='ltr'>speciem</span> <span class='ocrx_word' id='word_1_120' title='bbox 2109 1826 2429 1916; x_wconf 87' lang='lat' dir='ltr'>decorae,</span> <span class='ocrx_word' id='word_1_121' title='bbox 2497 1823 2583 1899; x_wconf 91' lang='lat' dir='ltr'>ad</span> <span class='ocrx_word' id='word_1_122' title='bbox 2633 1849 2838 1895; x_wconf 86' lang='lat' dir='ltr'>orna-</span> <span class='ocrx_word' id='word_1_123' title='bbox 2953 1846 2958 1851; x_wconf 53' lang='lat'>*</span> 
     </span>
    </p>

    <p class='ocr_par' dir='ltr' id='par_1_13' title="bbox 607 1926 3157 2026">
     <span class='ocr_line' id='line_1_16' title="bbox 607 1926 3157 2026; baseline -0.002 -25"><span class='ocrx_word' id='word_1_124' title='bbox 607 1936 744 2001; x_wconf 83' lang='lat' dir='ltr'>tum</span> <span class='ocrx_word' id='word_1_125' title='bbox 795 1931 1185 2025; x_wconf 79' lang='lat' dir='ltr'>magnificae</span> <span class='ocrx_word' id='word_1_126' title='bbox 1236 1932 1404 2003; x_wconf 85' lang='lat' dir='ltr'>sint.</span> <span class='ocrx_word' id='word_1_127' title='bbox 1477 1955 1645 2026; x_wconf 81' lang='lat' dir='ltr'>quae</span> <span class='ocrx_word' id='word_1_128' title='bbox 1710 1954 1863 2002; x_wconf 91' lang='lat' dir='ltr'>raro</span> <span class='ocrx_word' id='word_1_129' title='bbox 1928 1937 2166 2003; x_wconf 88' lang='lat' dir='ltr'>cuncta</span> <span class='ocrx_word' id='word_1_130' title='bbox 2215 1927 2596 2001; x_wconf 78' lang='lat' dir='ltr'>consociata</span> <span class='ocrx_word' id='word_1_131' title='bbox 2643 1926 2838 1997; x_wconf 84' lang='lat' dir='ltr'>inve-</span> <span class='ocrx_word' id='word_1_132' title='bbox 3147 1961 3157 2020; x_wconf 67' lang='lat' dir='ltr'>d</span> 
     </span>
    </p>

    <p class='ocr_par' dir='ltr' id='par_1_14' title="bbox 423 2027 3016 2433">
     <span class='ocr_line' id='line_1_17' title="bbox 423 2027 3016 2121; baseline -0.001 -19"><span class='ocrx_word' id='word_1_133' title='bbox 423 2034 431 2040; x_wconf 79' lang='grc'>’</span> <span class='ocrx_word' id='word_1_134' title='bbox 555 2028 765 2120; x_wconf 64' lang='lat' dir='ltr'>finiri,</span> <span class='ocrx_word' id='word_1_135' title='bbox 815 2030 1010 2103; x_wconf 86' lang='lat' dir='ltr'>modo</span> <span class='ocrx_word' id='word_1_136' title='bbox 1063 2033 1362 2105; x_wconf 88' lang='lat' dir='ltr'>consiliis</span> <span class='ocrx_word' id='word_1_137' title='bbox 1410 2032 1884 2121; x_wconf 82' lang='lat' dir='ltr'>titubantibus,</span> <span class='ocrx_word' id='word_1_138' title='bbox 1935 2029 2129 2102; x_wconf 92' lang='lat' dir='ltr'>modo</span> <span class='ocrx_word' id='word_1_139' title='bbox 2181 2037 2560 2101; x_wconf 89' lang='lat' dir='ltr'>curatorum</span> <span class='ocrx_word' id='word_1_140' title='bbox 2604 2027 2838 2099; x_wconf 78' lang='lat' dir='ltr'>fabro-</span> <span class='ocrx_word' id='word_1_141' title='bbox 3007 2044 3016 2050; x_wconf 84' lang='grc'><em>·</em></span> 
     </span>
     <span class='ocr_line' id='line_1_18' title="bbox 604 2130 2834 2230; baseline -0.001 -28"><span class='ocrx_word' id='word_1_142' title='bbox 604 2146 831 2203; x_wconf 78' lang='lat' dir='ltr'>rumve</span> <span class='ocrx_word' id='word_1_143' title='bbox 880 2133 1119 2229; x_wconf 73' lang='lat' dir='ltr'>cnlpaz</span> <span class='ocrx_word' id='word_1_144' title='bbox 1187 2130 1402 2206; x_wconf 77' lang='lat' dir='ltr'>tamen</span> <span class='ocrx_word' id='word_1_145' title='bbox 1453 2157 1968 2230; x_wconf 80' lang='lat' dir='ltr'>saepenumero,</span> <span class='ocrx_word' id='word_1_146' title='bbox 2028 2131 2297 2203; x_wconf 88' lang='lat' dir='ltr'>mutatis</span> <span class='ocrx_word' id='word_1_147' title='bbox 2345 2131 2582 2220; x_wconf 81' lang='lat' dir='ltr'>rebus,</span> <span class='ocrx_word' id='word_1_148' title='bbox 2662 2153 2834 2225; x_wconf 85' lang='lat' dir='ltr'>quae</span> 
     </span>
     <span class='ocr_line' id='line_1_19' title="bbox 604 2232 2834 2331; baseline -0.001 -28"><span class='ocrx_word' id='word_1_149' title='bbox 604 2241 788 2305; x_wconf 84' lang='lat' dir='ltr'>recte</span> <span class='ocrx_word' id='word_1_150' title='bbox 832 2233 1137 2307; x_wconf 82' lang='lat' dir='ltr'>instituta</span> <span class='ocrx_word' id='word_1_151' title='bbox 1176 2235 1586 2326; x_wconf 83' lang='lat' dir='ltr'>videbantur,</span> <span class='ocrx_word' id='word_1_152' title='bbox 1639 2258 1879 2331; x_wconf 83' lang='lat' dir='ltr'>prava3</span> <span class='ocrx_word' id='word_1_153' title='bbox 1933 2256 2099 2329; x_wconf 81' lang='lat' dir='ltr'>qnae</span> <span class='ocrx_word' id='word_1_154' title='bbox 2136 2232 2458 2327; x_wconf 84' lang='lat' dir='ltr'>spatiosa,</span> <span class='ocrx_word' id='word_1_155' title='bbox 2510 2239 2834 2327; x_wconf 74' lang='lat' dir='ltr'>angusta3</span> 
     </span>
     <span class='ocr_line' id='line_1_20' title="bbox 605 2332 2835 2433; baseline -0.001 -28"><span class='ocrx_word' id='word_1_156' title='bbox 605 2358 772 2430; x_wconf 79' lang='lat' dir='ltr'>qnae</span> <span class='ocrx_word' id='word_1_157' title='bbox 825 2334 1190 2429; x_wconf 89' lang='lat' dir='ltr'>commoda,</span> <span class='ocrx_word' id='word_1_158' title='bbox 1240 2339 1440 2433; x_wconf 87' lang='lat' dir='ltr'>plena</span> <span class='ocrx_word' id='word_1_159' title='bbox 1486 2336 1917 2411; x_wconf 77' lang='lat' dir='ltr'>incommodis</span> <span class='ocrx_word' id='word_1_160' title='bbox 1968 2332 2409 2430; x_wconf 84' lang='lat' dir='ltr'>deprehendi,</span> <span class='ocrx_word' id='word_1_161' title='bbox 2459 2332 2589 2405; x_wconf 84' lang='lat' dir='ltr'>hac</span> <span class='ocrx_word' id='word_1_162' title='bbox 2630 2355 2835 2428; x_wconf 88' lang='lat' dir='ltr'>prae-</span> 
     </span>
    </p>

    <p class='ocr_par' dir='ltr' id='par_1_15' title="bbox 548 2435 2834 3243">
     <span class='ocr_line' id='line_1_21' title="bbox 548 2435 2834 2530; baseline 0 -23"><span class='ocrx_word' id='word_1_163' title='bbox 548 2483 555 2487; x_wconf 76' lang='lat'><strong>·</strong></span> <span class='ocrx_word' id='word_1_164' title='bbox 604 2437 834 2509; x_wconf 85' lang='lat' dir='ltr'>sertim</span> <span class='ocrx_word' id='word_1_165' title='bbox 882 2445 1141 2529; x_wconf 89' lang='lat' dir='ltr'>aetate,</span> <span class='ocrx_word' id='word_1_166' title='bbox 1208 2439 1513 2511; x_wconf 74' lang='lat' dir='ltr'><strong>dissimili</strong></span> <span class='ocrx_word' id='word_1_167' title='bbox 1562 2438 1920 2511; x_wconf 83' lang='lat' dir='ltr'>maioribus</span> <span class='ocrx_word' id='word_1_168' title='bbox 1971 2435 2244 2525; x_wconf 89' lang='lat' dir='ltr'>nostris,</span> <span class='ocrx_word' id='word_1_169' title='bbox 2301 2435 2418 2529; x_wconf 63' lang='lat' dir='ltr'>qui</span> <span class='ocrx_word' id='word_1_170' title='bbox 2468 2457 2659 2530; x_wconf 85' lang='lat' dir='ltr'>qnam</span> <span class='ocrx_word' id='word_1_171' title='bbox 2711 2457 2834 2507; x_wconf 84' lang='lat' dir='ltr'>ca-</span> 
     </span>
     <span class='ocr_line' id='line_1_22' title="bbox 600 2533 2830 2632; baseline -0.001 -23"><span class='ocrx_word' id='word_1_172' title='bbox 600 2538 959 2632; x_wconf 83' lang='lat' dir='ltr'>pacissima</span> <span class='ocrx_word' id='word_1_173' title='bbox 1009 2547 1079 2612; x_wconf 85' lang='lat' dir='ltr'>et</span> <span class='ocrx_word' id='word_1_174' title='bbox 1126 2540 1529 2612; x_wconf 85' lang='lat' dir='ltr'>solidissima</span> <span class='ocrx_word' id='word_1_175' title='bbox 1577 2539 2028 2628; x_wconf 86' lang='lat' dir='ltr'>aedificantes,</span> <span class='ocrx_word' id='word_1_176' title='bbox 2082 2536 2412 2611; x_wconf 86' lang='lat' dir='ltr'>declinata</span> <span class='ocrx_word' id='word_1_177' title='bbox 2449 2533 2830 2631; x_wconf 88' lang='lat' dir='ltr'>corrigendi</span> 
     </span>
     <span class='ocr_line' id='line_1_23' title="bbox 599 2636 2829 2737; baseline 0.002 -29"><span class='ocrx_word' id='word_1_178' title='bbox 599 2638 1077 2734; x_wconf 85' lang='lat' dir='ltr'>reficiendique·</span> <span class='ocrx_word' id='word_1_179' title='bbox 1119 2643 1555 2732; x_wconf 79' lang='lat' dir='ltr'>necessitate,</span> <span class='ocrx_word' id='word_1_180' title='bbox 1628 2641 1781 2737; x_wconf 91' lang='lat' dir='ltr'>plus</span> <span class='ocrx_word' id='word_1_181' title='bbox 1844 2640 2019 2712; x_wconf 87' lang='lat' dir='ltr'>lucri</span> <span class='ocrx_word' id='word_1_182' title='bbox 2078 2639 2150 2711; x_wconf 92' lang='lat' dir='ltr'><strong>in</strong></span> <span class='ocrx_word' id='word_1_183' title='bbox 2197 2645 2462 2733; x_wconf 88' lang='lat' dir='ltr'>sumptu</span> <span class='ocrx_word' id='word_1_184' title='bbox 2514 2659 2707 2733; x_wconf 85' lang='lat' dir='ltr'>quam</span> <span class='ocrx_word' id='word_1_185' title='bbox 2755 2636 2829 2713; x_wconf 73' lang='lat' dir='ltr'><strong>in</strong></span> 
     </span>
     <span class='ocr_line' id='line_1_24' title="bbox 599 2738 2829 2838; baseline 0 -29"><span class='ocrx_word' id='word_1_186' title='bbox 599 2739 1002 2835; x_wconf 75' lang='lat' dir='ltr'>parsimonia</span> <span class='ocrx_word' id='word_1_187' title='bbox 1050 2764 1200 2812; x_wconf 89' lang='lat' dir='ltr'>esse</span> <span class='ocrx_word' id='word_1_188' title='bbox 1248 2740 1732 2838; x_wconf 79' lang='lat' dir='ltr'><strong>intelligebant.</strong></span> <span class='ocrx_word' id='word_1_189' title='bbox 1833 2740 2152 2814; x_wconf 88' lang='lat' dir='ltr'>Eamdcm</span> <span class='ocrx_word' id='word_1_190' title='bbox 2204 2740 2485 2811; x_wconf 81' lang='lat' dir='ltr'>aliorum</span> <span class='ocrx_word' id='word_1_191' title='bbox 2518 2763 2667 2810; x_wconf 91' lang='lat' dir='ltr'>esse</span> <span class='ocrx_word' id='word_1_192' title='bbox 2715 2738 2829 2809; x_wconf 88' lang='lat' dir='ltr'><strong>in·-</strong></span> 
     </span>
     <span class='ocr_line' id='line_1_25' title="bbox 600 2840 2826 2959; baseline -0.002 -44"><span class='ocrx_word' id='word_1_193' title='bbox 600 2840 979 2915; x_wconf 78' lang='lat' dir='ltr'>stitutornm</span> <span class='ocrx_word' id='word_1_194' title='bbox 1055 2842 1421 2914; x_wconf 80' lang='lat' dir='ltr'>rationem:</span> <span class='ocrx_word' id='word_1_195' title='bbox 1521 2865 1688 2939; x_wconf 87' lang='lat' dir='ltr'>quae</span> <span class='ocrx_word' id='word_1_196' title='bbox 1765 2843 2080 2959; x_wconf 46' lang='lat' dir='ltr'>quamvis·</span> <span class='ocrx_word' id='word_1_197' title='bbox 2142 2841 2483 2937; x_wconf 87' lang='lat' dir='ltr'>praeclare</span> <span class='ocrx_word' id='word_1_198' title='bbox 2559 2848 2826 2937; x_wconf 87' lang='lat' dir='ltr'>coepta,</span> 
     </span>
     <span class='ocr_line' id='line_1_26' title="bbox 600 2941 2826 3039; baseline 0 -24"><span class='ocrx_word' id='word_1_199' title='bbox 600 2963 798 3036; x_wconf 85' lang='lat' dir='ltr'>saepe</span> <span class='ocrx_word' id='word_1_200' title='bbox 854 2941 959 3013; x_wconf 82' lang='lat' dir='ltr'>vel</span> <span class='ocrx_word' id='word_1_201' title='bbox 1007 2942 1490 3039; x_wconf 80' lang='lat' dir='ltr'>praefectorum</span> <span class='ocrx_word' id='word_1_202' title='bbox 1543 2943 1649 3015; x_wconf 91' lang='lat' dir='ltr'>vel</span> <span class='ocrx_word' id='word_1_203' title='bbox 1699 2968 1924 3016; x_wconf 90' lang='lat' dir='ltr'>eornm</span> <span class='ocrx_word' id='word_1_204' title='bbox 1965 2943 2170 3033; x_wconf 87' lang='lat' dir='ltr'>vitiis,</span> <span class='ocrx_word' id='word_1_205' title='bbox 2232 2966 2509 3038; x_wconf 88' lang='lat' dir='ltr'>quornm</span> <span class='ocrx_word' id='word_1_206' title='bbox 2548 2941 2826 3015; x_wconf 84' lang='lat' dir='ltr'><strong>utilitati</strong></span> 
     </span>
     <span class='ocr_line' id='line_1_27' title="bbox 596 3043 2827 3163; baseline 0 -50"><span class='ocrx_word' id='word_1_207' title='bbox 596 3051 1019 3162; x_wconf 85' lang='lat' dir='ltr'>prospectum</span> <span class='ocrx_word' id='word_1_208' title='bbox 1070 3045 1445 3163; x_wconf 80' lang='lat' dir='ltr'>putabatur,</span> <span class='ocrx_word' id='word_1_209' title='bbox 1510 3046 1940 3141; x_wconf 78' lang='lat' dir='ltr'>languescere</span> <span class='ocrx_word' id='word_1_210' title='bbox 1990 3053 2060 3117; x_wconf 91' lang='lat' dir='ltr'>et</span> <span class='ocrx_word' id='word_1_211' title='bbox 2109 3043 2479 3139; x_wconf 88' lang='lat' dir='ltr'>corrumpi.</span> <span class='ocrx_word' id='word_1_212' title='bbox 2551 3050 2649 3133; x_wconf 89' lang='lat' dir='ltr'>ut,</span> <span class='ocrx_word' id='word_1_213' title='bbox 2702 3066 2827 3115; x_wconf 89' lang='lat' dir='ltr'>cu-</span> 
     </span>
     <span class='ocr_line' id='line_1_28' title="bbox 596 3145 2828 3243; baseline -0.001 -24"><span class='ocrx_word' id='word_1_214' title='bbox 596 3145 703 3219; x_wconf 83' lang='lat' dir='ltr'>ius</span> <span class='ocrx_word' id='word_1_215' title='bbox 752 3145 823 3216; x_wconf 90' lang='lat' dir='ltr'><strong>in</strong></span> <span class='ocrx_word' id='word_1_216' title='bbox 873 3146 1250 3219; x_wconf 83' lang='lat' dir='ltr'>memoriam</span> <span class='ocrx_word' id='word_1_217' title='bbox 1300 3146 1477 3221; x_wconf 85' lang='lat' dir='ltr'>facta</span> <span class='ocrx_word' id='word_1_218' title='bbox 1527 3147 1701 3238; x_wconf 83' lang='lat' dir='ltr'>sint,</span> <span class='ocrx_word' id='word_1_219' title='bbox 1768 3154 1882 3218; x_wconf 87' lang='lat' dir='ltr'>aut</span> <span class='ocrx_word' id='word_1_220' title='bbox 1944 3169 2172 3243; x_wconf 89' lang='lat' dir='ltr'>parum</span> <span class='ocrx_word' id='word_1_221' title='bbox 2221 3152 2335 3217; x_wconf 90' lang='lat' dir='ltr'>aut</span> <span class='ocrx_word' id='word_1_222' title='bbox 2386 3145 2556 3216; x_wconf 90' lang='lat' dir='ltr'>male</span> <span class='ocrx_word' id='word_1_223' title='bbox 2605 3145 2828 3217; x_wconf 85' lang='lat' dir='ltr'>hono·-</span> 
     </span>
    </p>

    <p class='ocr_par' dir='ltr' id='par_1_16' title="bbox 540 3245 2826 3542">
     <span class='ocr_line' id='line_1_29' title="bbox 540 3245 2826 3344; baseline -0 -26"><span class='ocrx_word' id='word_1_224' title='bbox 540 3260 541 3267; x_wconf 77' lang='grc'>’</span> <span class='ocrx_word' id='word_1_225' title='bbox 595 3247 732 3318; x_wconf 79' lang='lat' dir='ltr'>rari</span> <span class='ocrx_word' id='word_1_226' title='bbox 782 3247 1107 3320; x_wconf 84' lang='lat' dir='ltr'>videatur.</span> <span class='ocrx_word' id='word_1_227' title='bbox 1208 3246 1355 3324; x_wconf 81' lang='lat' dir='ltr'>Ista</span> <span class='ocrx_word' id='word_1_228' title='bbox 1403 3249 1647 3339; x_wconf 92' lang='lat' dir='ltr'>omnia,</span> <span class='ocrx_word' id='word_1_229' title='bbox 1703 3248 2030 3344; x_wconf 86' lang='lat' dir='ltr'>inquiunt,</span> <span class='ocrx_word' id='word_1_230' title='bbox 2084 3270 2273 3343; x_wconf 87' lang='lat' dir='ltr'>quam</span> <span class='ocrx_word' id='word_1_231' title='bbox 2321 3246 2523 3337; x_wconf 40' lang='lat' dir='ltr'>,aliter</span> <span class='ocrx_word' id='word_1_232' title='bbox 2571 3269 2646 3319; x_wconf 85' lang='lat' dir='ltr'>se</span> <span class='ocrx_word' id='word_1_233' title='bbox 2698 3245 2826 3319; x_wconf 84' lang='lat' dir='ltr'>ha·-</span> 
     </span>
     <span class='ocr_line' id='line_1_30' title="bbox 596 3338 2822 3446; baseline -0.001 -25"><span class='ocrx_word' id='word_1_234' title='bbox 596 3349 752 3421; x_wconf 78' lang='lat' dir='ltr'>bcnt</span> <span class='ocrx_word' id='word_1_235' title='bbox 798 3349 868 3420; x_wconf 93' lang='lat' dir='ltr'><strong>in</strong></span> <span class='ocrx_word' id='word_1_236' title='bbox 919 3350 1004 3421; x_wconf 88' lang='lat' dir='ltr'><strong>iis</strong></span> <span class='ocrx_word' id='word_1_237' title='bbox 1057 3350 1530 3441; x_wconf 80' lang='lat' dir='ltr'>monumentis,</span> <span class='ocrx_word' id='word_1_238' title='bbox 1598 3374 1766 3446; x_wconf 86' lang='lat' dir='ltr'>quae</span> <span class='ocrx_word' id='word_1_239' title='bbox 1831 3350 1960 3422; x_wconf 93' lang='lat' dir='ltr'>soli</span> <span class='ocrx_word' id='word_1_240' title='bbox 2009 3357 2165 3421; x_wconf 90' lang='lat' dir='ltr'>sunt</span> <span class='ocrx_word' id='word_1_241' title='bbox 2213 3347 2564 3420; x_wconf 89' lang='lat' dir='ltr'>memoriae</span> <span class='ocrx_word' id='word_1_242' title='bbox 2615 3338 2822 3419; x_wconf 81' lang='lat' dir='ltr'>facta.</span> 
     </span>
     <span class='ocr_line' id='line_1_31' title="bbox 593 3448 2819 3542; baseline -0.002 -19"><span class='ocrx_word' id='word_1_243' title='bbox 593 3448 701 3523; x_wconf 88' lang='lat' dir='ltr'>Ea</span> <span class='ocrx_word' id='word_1_244' title='bbox 763 3451 1201 3523; x_wconf 84' lang='lat' dir='ltr'>intuentibus</span> <span class='ocrx_word' id='word_1_245' title='bbox 1233 3452 1484 3527; x_wconf 86' lang='lat' dir='ltr'>animus</span> <span class='ocrx_word' id='word_1_246' title='bbox 1548 3451 1924 3525; x_wconf 86' lang='lat' dir='ltr'>necessario</span> <span class='ocrx_word' id='word_1_247' title='bbox 1990 3450 2073 3521; x_wconf 91' lang='lat' dir='ltr'>ad</span> <span class='ocrx_word' id='word_1_248' title='bbox 2127 3449 2595 3542; x_wconf 78' lang='lat' dir='ltr'>cogitationem</span> <span class='ocrx_word' id='word_1_249' title='bbox 2627 3450 2819 3539; x_wconf 88' lang='lat' dir='ltr'>eius,</span> 
     </span>
    </p>

    <p class='ocr_par' dir='ltr' id='par_1_17' title="bbox 450 3544 2825 3851">
     <span class='ocr_line' id='line_1_32' title="bbox 450 3544 2822 3649; baseline -0.003 -22"><span class='ocrx_word' id='word_1_250' title='bbox 450 3590 457 3603; x_wconf 67' lang='lat'><strong><em>,</em></strong></span> <span class='ocrx_word' id='word_1_251' title='bbox 595 3553 704 3627; x_wconf 76' lang='lat' dir='ltr'>eui</span> <span class='ocrx_word' id='word_1_252' title='bbox 752 3553 972 3647; x_wconf 89' lang='lat' dir='ltr'>posita</span> <span class='ocrx_word' id='word_1_253' title='bbox 1023 3561 1202 3644; x_wconf 91' lang='lat' dir='ltr'>sunt,</span> <span class='ocrx_word' id='word_1_254' title='bbox 1257 3554 1642 3645; x_wconf 84' lang='lat' dir='ltr'>advertitur,</span> <span class='ocrx_word' id='word_1_255' title='bbox 1696 3544 1950 3649; x_wconf 86' lang='lat' dir='ltr'>quique</span> <span class='ocrx_word' id='word_1_256' title='bbox 1985 3551 2046 3623; x_wconf 91' lang='lat' dir='ltr'>is</span> <span class='ocrx_word' id='word_1_257' title='bbox 2095 3549 2323 3642; x_wconf 73' lang='lat' dir='ltr'>inerit,</span> <span class='ocrx_word' id='word_1_258' title='bbox 2376 3550 2533 3646; x_wconf 89' lang='lat' dir='ltr'><strong>qnid</strong></span> <span class='ocrx_word' id='word_1_259' title='bbox 2583 3575 2822 3646; x_wconf 90' lang='lat' dir='ltr'>gesse-</span> 
     </span>
     <span class='ocr_line' id='line_1_33' title="bbox 594 3650 2825 3748; baseline 0 -26"><span class='ocrx_word' id='word_1_260' title='bbox 594 3652 707 3743; x_wconf 89' lang='lat' dir='ltr'>rit,</span> <span class='ocrx_word' id='word_1_261' title='bbox 760 3677 881 3725; x_wconf 94' lang='lat' dir='ltr'>cur</span> <span class='ocrx_word' id='word_1_262' title='bbox 929 3654 994 3726; x_wconf 90' lang='lat' dir='ltr'>ei</span> <span class='ocrx_word' id='word_1_263' title='bbox 1044 3654 1153 3729; x_wconf 86' lang='lat' dir='ltr'>hic</span> <span class='ocrx_word' id='word_1_264' title='bbox 1201 3656 1414 3728; x_wconf 85' lang='lat' dir='ltr'>honos</span> <span class='ocrx_word' id='word_1_265' title='bbox 1448 3655 1709 3729; x_wconf 79' lang='lat' dir='ltr'>haliitus</span> <span class='ocrx_word' id='word_1_266' title='bbox 1741 3655 1857 3744; x_wconf 91' lang='lat' dir='ltr'>sit,</span> <span class='ocrx_word' id='word_1_267' title='bbox 1908 3652 2318 3731; x_wconf 80' lang='lat' dir='ltr'>admonetur.</span> <span class='ocrx_word' id='word_1_268' title='bbox 2416 3650 2654 3748; x_wconf 85' lang='lat' dir='ltr'>Itaque</span> <span class='ocrx_word' id='word_1_269' title='bbox 2698 3676 2825 3723; x_wconf 84' lang='lat' dir='ltr'>co-</span> 
     </span>
     <span class='ocr_line' id='line_1_34' title="bbox 591 3751 2812 3851; baseline -0.003 -22"><span class='ocrx_word' id='word_1_270' title='bbox 591 3755 875 3844; x_wconf 88' lang='lat' dir='ltr'>lumnas,</span> <span class='ocrx_word' id='word_1_271' title='bbox 927 3757 1184 3848; x_wconf 89' lang='lat' dir='ltr'>titulos,</span> <span class='ocrx_word' id='word_1_272' title='bbox 1238 3757 1648 3851; x_wconf 83' lang='lat' dir='ltr'>maximeque</span> <span class='ocrx_word' id='word_1_273' title='bbox 1700 3764 1952 3828; x_wconf 86' lang='lat' dir='ltr'>statuas</span> <span class='ocrx_word' id='word_1_274' title='bbox 1996 3763 2064 3827; x_wconf 90' lang='lat' dir='ltr'>et</span> <span class='ocrx_word' id='word_1_275' title='bbox 2094 3754 2416 3848; x_wconf 84' lang='lat' dir='ltr'>imagines</span> <span class='ocrx_word' id='word_1_276' title='bbox 2465 3777 2628 3849; x_wconf 87' lang='lat' dir='ltr'>prae</span> <span class='ocrx_word' id='word_1_277' title='bbox 2663 3751 2812 3824; x_wconf 89' lang='lat' dir='ltr'><strong>aliis</strong></span> 
     </span>
    </p>

    <p class='ocr_par' dir='ltr' id='par_1_18' title="bbox 526 3854 2811 4055">
     <span class='ocr_line' id='line_1_35' title="bbox 526 3854 2811 3954; baseline -0.001 -26"><span class='ocrx_word' id='word_1_278' title='bbox 526 3854 535 3875; x_wconf 66' lang='lat'>¹</span> <span class='ocrx_word' id='word_1_279' title='bbox 589 3855 788 3929; x_wconf 90' lang='lat' dir='ltr'>rebus</span> <span class='ocrx_word' id='word_1_280' title='bbox 839 3857 1138 3930; x_wconf 86' lang='lat' dir='ltr'>omnibus</span> <span class='ocrx_word' id='word_1_281' title='bbox 1202 3857 1405 3954; x_wconf 87' lang='lat' dir='ltr'><strong>digna</strong></span> <span class='ocrx_word' id='word_1_282' title='bbox 1452 3883 1601 3933; x_wconf 87' lang='lat' dir='ltr'>esse</span> <span class='ocrx_word' id='word_1_283' title='bbox 1653 3859 1979 3933; x_wconf 84' lang='lat' dir='ltr'>clarorum</span> <span class='ocrx_word' id='word_1_284' title='bbox 2046 3856 2333 3927; x_wconf 83' lang='lat' dir='ltr'>virorum</span> <span class='ocrx_word' id='word_1_285' title='bbox 2397 3861 2811 3927; x_wconf 88' lang='lat' dir='ltr'>monumenta</span> 
     </span>
     <span class='ocr_line' id='line_1_36' title="bbox 590 3957 2811 4055; baseline -0.002 -25"><span class='ocrx_word' id='word_1_286' title='bbox 590 3957 908 4030; x_wconf 87' lang='lat' dir='ltr'>iudicant.</span> <span class='ocrx_word' id='word_1_287' title='bbox 1006 3959 1113 4032; x_wconf 84' lang='lat' dir='ltr'>Ac</span> <span class='ocrx_word' id='word_1_288' title='bbox 1163 3966 1416 4033; x_wconf 86' lang='lat' dir='ltr'>statuas</span> <span class='ocrx_word' id='word_1_289' title='bbox 1465 3968 1534 4032; x_wconf 91' lang='lat' dir='ltr'>et</span> <span class='ocrx_word' id='word_1_290' title='bbox 1582 3960 1905 4055; x_wconf 81' lang='lat' dir='ltr'>imagines</span> <span class='ocrx_word' id='word_1_291' title='bbox 1954 3959 2114 4031; x_wconf 84' lang='lat' dir='ltr'>hoc</span> <span class='ocrx_word' id='word_1_292' title='bbox 2124 3957 2349 4029; x_wconf 88' lang='lat' dir='ltr'>dicunt</span> <span class='ocrx_word' id='word_1_293' title='bbox 2387 3958 2811 4052; x_wconf 86' lang='lat' dir='ltr'>praecipuum</span> 
     </span>
    </p>

    <p class='ocr_par' dir='ltr' id='par_1_19' title="bbox 499 4044 2814 4366">
     <span class='ocr_line' id='line_1_37' title="bbox 499 4044 2814 4158; baseline -0.006 -18"><span class='ocrx_word' id='word_1_294' title='bbox 499 4063 874 4154; x_wconf 74' lang='lat' dir='ltr'>lehahere,</span> <span class='ocrx_word' id='word_1_295' title='bbox 940 4044 1115 4157; x_wconf 87' lang='lat' dir='ltr'>quod</span> <span class='ocrx_word' id='word_1_296' title='bbox 1162 4063 1274 4154; x_wconf 87' lang='lat' dir='ltr'>iis,</span> <span class='ocrx_word' id='word_1_297' title='bbox 1328 4063 1438 4158; x_wconf 89' lang='lat' dir='ltr'><strong>qni</strong></span> <span class='ocrx_word' id='word_1_298' title='bbox 1489 4062 1648 4134; x_wconf 92' lang='lat' dir='ltr'><strong>illos</strong></span> <span class='ocrx_word' id='word_1_299' title='bbox 1703 4063 1908 4135; x_wconf 74' lang='lat' dir='ltr'>vivos</span> <span class='ocrx_word' id='word_1_300' title='bbox 1936 4066 2424 4155; x_wconf 85' lang='lat' dir='ltr'>cognoverant,</span> <span class='ocrx_word' id='word_1_301' title='bbox 2494 4057 2814 4130; x_wconf 84' lang='lat' dir='ltr'>recorda-</span> 
     </span>
     <span class='ocr_line' id='line_1_38' title="bbox 587 4159 2812 4258; baseline -0.005 -16"><span class='ocrx_word' id='word_1_302' title='bbox 587 4169 832 4242; x_wconf 82' lang='lat' dir='ltr'>tionem</span> <span class='ocrx_word' id='word_1_303' title='bbox 897 4165 1193 4238; x_wconf 76' lang='lat' dir='ltr'>excitent</span> <span class='ocrx_word' id='word_1_304' title='bbox 1253 4163 1830 4250; x_wconf 83' lang='lat' dir='ltr'>iucundissimam3</span> <span class='ocrx_word' id='word_1_305' title='bbox 1897 4161 2009 4258; x_wconf 87' lang='lat' dir='ltr'>qui</span> <span class='ocrx_word' id='word_1_306' title='bbox 2075 4169 2292 4235; x_wconf 84' lang='lat' dir='ltr'>antem</span> <span class='ocrx_word' id='word_1_307' title='bbox 2340 4185 2474 4233; x_wconf 88' lang='lat' dir='ltr'>non</span> <span class='ocrx_word' id='word_1_308' title='bbox 2525 4159 2812 4233; x_wconf 84' lang='lat' dir='ltr'>viderint</span> 
     </span>
     <span class='ocr_line' id='line_1_39' title="bbox 587 4261 2811 4366; baseline -0.005 -23"><span class='ocrx_word' id='word_1_309' title='bbox 587 4295 668 4343; x_wconf 80' lang='lat' dir='ltr'>ac</span> <span class='ocrx_word' id='word_1_310' title='bbox 727 4268 1124 4366; x_wconf 82' lang='lat' dir='ltr'>postgenitis</span> <span class='ocrx_word' id='word_1_311' title='bbox 1188 4293 1266 4340; x_wconf 89' lang='lat' dir='ltr'>os</span> <span class='ocrx_word' id='word_1_312' title='bbox 1329 4275 1399 4341; x_wconf 89' lang='lat' dir='ltr'>et</span> <span class='ocrx_word' id='word_1_313' title='bbox 1459 4266 1698 4340; x_wconf 79' lang='lat' dir='ltr'>faciem</span> <span class='ocrx_word' id='word_1_314' title='bbox 1760 4271 2298 4361; x_wconf 83' lang='lat' dir='ltr'>repraesentent,</span> <span class='ocrx_word' id='word_1_315' title='bbox 2379 4270 2454 4334; x_wconf 91' lang='lat' dir='ltr'>nt</span> <span class='ocrx_word' id='word_1_316' title='bbox 2501 4261 2633 4335; x_wconf 85' lang='lat' dir='ltr'><strong>sibi</strong></span> <span class='ocrx_word' id='word_1_317' title='bbox 2694 4283 2811 4332; x_wconf 84' lang='lat' dir='ltr'>re-</span> 
     </span>
    </p>

    <p class='ocr_par' dir='ltr' id='par_1_20' title="bbox 494 4364 2888 4468">
     <span class='ocr_line' id='line_1_40' title="bbox 494 4364 2888 4468; baseline -0.005 -23"><span class='ocrx_word' id='word_1_318' title='bbox 494 4460 499 4467; x_wconf 27' lang='lat'>·</span> <span class='ocrx_word' id='word_1_319' title='bbox 587 4372 763 4444; x_wconf 84' lang='lat' dir='ltr'>disse</span> <span class='ocrx_word' id='word_1_320' title='bbox 813 4370 896 4441; x_wconf 90' lang='lat' dir='ltr'>ad</span> <span class='ocrx_word' id='word_1_321' title='bbox 947 4370 1228 4468; x_wconf 88' lang='lat' dir='ltr'>pristina</span> <span class='ocrx_word' id='word_1_322' title='bbox 1273 4376 1572 4467; x_wconf 87' lang='lat' dir='ltr'>tempora</span> <span class='ocrx_word' id='word_1_323' title='bbox 1632 4376 1704 4443; x_wconf 88' lang='lat' dir='ltr'>et</span> <span class='ocrx_word' id='word_1_324' title='bbox 1751 4367 1927 4441; x_wconf 86' lang='lat' dir='ltr'>inter</span> <span class='ocrx_word' id='word_1_325' title='bbox 1975 4365 2285 4461; x_wconf 81' lang='lat' dir='ltr'>aequales</span> <span class='ocrx_word' id='word_1_326' title='bbox 2333 4364 2600 4437; x_wconf 85' lang='lat' dir='ltr'>illorum</span> <span class='ocrx_word' id='word_1_327' title='bbox 2653 4386 2809 4435; x_wconf 79' lang='lat' dir='ltr'>ver·</span> <span class='ocrx_word' id='word_1_328' title='bbox 2883 4400 2888 4417; x_wconf 87' lang='lat'>·</span> 
     </span>
    </p>
   </div>
   <div class='ocr_carea' id='block_1_3' title="bbox 3129 110 3161 1311">
    <p class='ocr_par' dir='ltr' id='par_1_21' title="bbox 3129 110 3161 1311">
     <span class='ocr_line' id='line_1_41' title="bbox 3129 110 3161 1311; baseline 0 0"><span class='ocrx_word' id='word_1_329' title='bbox 3129 110 3161 1311; x_wconf 95' lang='lat' dir='ltr'> </span> 
     </span>
    </p>
   </div>
   <div class='ocr_carea' id='block_1_4' title="bbox 3150 1327 3162 2233">
    <p class='ocr_par' dir='ltr' id='par_1_22' title="bbox 3150 1327 3162 2233">
     <span class='ocr_line' id='line_1_42' title="bbox 3150 1327 3162 2233; baseline 0 0"><span class='ocrx_word' id='word_1_330' title='bbox 3150 1327 3162 2233; x_wconf 95' lang='lat' dir='ltr'> </span> 
     </span>
    </p>
   </div>
  </div>
 </body>
</html>
