3192 4992
620 355 748 424 194
1059 356 1162 416 DE
1203 354 1578 414 AESCHYLI
1620 351 1994 414 TmLoens
2035 348 2440 412 THEBANIS.

615 518 954 615 μαλκίων
998 516 1198 595 ποδί.
1317 517 1400 593 In
1465 520 1595 604 isto
1654 512 2008 612 Ἑλλαδίῳ
2069 538 2199 590 non
2267 513 2529 588 fabulae
2577 535 2842 607 nomen,

617 626 733 696 sed
783 624 992 720 ipsius
1042 631 1280 719 poetae
1330 622 1532 694 verba
1579 622 1791 693 latere
1840 617 2214 715 significavi
2262 616 2353 688 iu
2378 615 2842 688 dissertatione

618 726 699 796 de
747 724 1162 815 Heliadibus,
1216 721 1473 822 Opnse.
1525 723 1664 795 vol.
1714 719 1860 792 ΙΙΙ.
1906 745 1984 818 p.
2042 720 2212 793 139.
2316 715 2792 791 Scribendumz

868 874 1017 966 ἔλα,
1070 870 1278 949 ὃίωκ’
1340 873 1611 970 ἀκμῆτι
1659 866 1976 969 μᾶλκιον
2024 866 2222 944 ποδί.

614 1026 1016 1124 Imperativo
1068 1026 1197 1098 ἔλα
1246 1050 1406 1102 usus
1458 1033 1561 1099 est
1609 1023 1971 1120 Euripides
2022 1021 2231 1095 Here.
2283 1019 2414 1092 fur.
2467 1021 2645 1095 819.

817 1126 1167 1226 Sphingis,
1220 1128 1280 1199 si
1330 1151 1410 1199 ea
1459 1128 1586 1199 fuit
1635 1125 2004 1222 tragoedia,
2057 1148 2189 1197 non
2226 1143 2338 1194 eas
2374 1119 2685 1194 habemus
2728 1146 2840 1194 re·-

612 1230 896 1326 liquias,
959 1254 1047 1301 ex
1114 1229 1345 1325 quihns
1413 1227 1662 1325 aliquid
1727 1228 1807 1300 de
1872 1233 2256 1353 argumento
2308 1224 2551 1306 eoniici
2600 1224 2839 1320 possit·

612 1330 1024 1426 Hesychius·
1090 1336 1337 1418 κνοῦς,
1390 1328 1430 1403 5
1480 1332 1562 1404 ἐκ
1611 1335 1747 1403 τοῦ
1799 1328 2059 1412 ἄξονος
2094 1321 2288 1422 ἦχος.
2346 1324 2718 1452 Λέγεται
2758 1321 2838 1397 δὲ

613 1429 742 1506 καὶ
802 1428 1024 1527 κνοή,
1102 1430 1230 1506 καὶ
1296 1430 1336 1505 5
1398 1437 1557 1505 τῶν
1618 1428 1879 1505 ποδῶν
1942 1424 2231 1555 ψόφος
2311 1423 2414 1509 ὥς
2474 1421 2843 1520 Αἰσχύλος

615 1532 927 1658 Σφιγγί.
1029 1530 1222 1617 τινὲς
1283 1531 1376 1607 δέ
1434 1554 1625 1630 φασι
1685 1537 1920 1606 κνοῦν
1982 1528 2119 1604 τὸν
2179 1523 2405 1624 ἦχον,
2468 1524 2708 1623 χνόην
2758 1524 2839 1600 δὲ

613 1634 832 1732 μέρος
869 1641 1007 1709 τοῦ
1041 1635 1323 1721 ἄξονος,
1375 1631 1422 1729 ἢ
1448 1631 1780 1760 χοινικές.
1881 1631 2365 1728 Aristophanes
2398 1630 2577 1703 Ran.
2619 1632 2842 1770 1320.

866 1782 1182 1887 Σφίγγα
1233 1782 1689 1884 ὃυςαμερίαν
1737 1779 2106 1883 πρύτανιν
2153 1777 2368 1857 κύνα.

611 1937 994 2010 Athenaeus
1043 1935 1219 2009 XV.
1284 1963 1355 2034 p.
1406 1940 1583 2013 674.
1635 1936 1730 2008 D.
1796 1928 2165 2028 Αἰσχύλος
2231 1931 2305 2008 δ’
2381 1934 2466 2008 ἐν
2511 1937 2623 2027 τῷ
2671 1937 2844 2004 λυο-

613 2037 816 2134 μένῳ
868 2040 1274 2136 Προμηθεῖ
1319 2046 1582 2135 σαφῶς
1632 2035 1862 2164 φησὶν
1913 2034 2025 2109 ὅτι
2074 2033 2193 2109 ἐπὶ
2241 2040 2417 2129 τιμῇ
2469 2039 2605 2108 τοῦ
2637 2036 2845 2127 Προ-

614 2138 915 2235 μηθέως
974 2137 1110 2215 τὸν
1174 2138 1545 2238 στέφανον
1609 2136 2081 2265 περιτίθεμεν
2144 2143 2232 2232 τῇ
2284 2141 2567 2233 κεφαλῇ
2635 2130 2845 2207 ἄντί.-

614 2268 838 2314 ποινα
886 2247 1021 2314 τοῦ
1072 2239 1352 2316 ἐκείνου
1389 2239 1698 2337 δεσμοῦ,
1749 2268 1877 2314 και
1915 2240 2021 2312 ἔτι
2073 2240 2205 2334 (sie
2239 2237 2653 2311 scribendum
2680 2244 2841 2332 puto

613 2368 737 2438 pro
784 2340 1061 2441 καίτοι)
1113 2345 1198 2418 ἐν
1245 2349 1336 2441 τῆ
1389 2340 1939 2445 ἐπιγραφομένῃ
1991 2336 2284 2441 Σφιγγὶ
2334 2332 2597 2414 εἰπών·

866 2500 974 2589 τῶ
1027 2491 1110 2567 δὲ
1163 2492 1344 2591 ξένῳ
1394 2522 1477 2595 γε
1530 2496 1895 2591 στέφανος
1945 2491 2259 2586 ἀρχαῖον
2311 2488 2600 2618 στέφος,

866 2593 1169 2688 δεσμῶν
1219 2596 1541 2696 α’ριστος,
1593 2598 1676 2668 ἐκ
1725 2593 2200 2691 Προμηθέως
2246 2588 2498 2693 λύγου.

607 2744 812 2841 Apud
863 2745 1272 2822 Athenaeum
1340 2755 1446 2818 est
1496 2744 1869 2841 στέφανον
1919 2751 1988 2816 et
2035 2739 2283 2858 λόγου.
2402 2741 2602 2814 Prius
2655 2738 2844 2814 Gro-

615 2847 778 2937 tius,
828 2846 1104 2916 alterum
1155 2845 1451 2941 Heynius
1518 2846 1924 2918 emendavit:
1998 2869 2040 2916 a
2104 2843 2232 2942 q'uo
2298 2853 2374 2919 ut
2424 2844 2844 2922 dissentirem

615 2948 685 3018 in
719 2946 1201 3021 dissertatione
1268 2921 1349 3020 de
1401 2947 1799 3020 Prometheo
1866 2948 2127 3039 soluto,
2201 2945 2459 3044 Opuse.
2513 2947 2650 3017 vol.
2701 2943 2843 3025 IV.

565 3091 574 3096 -
615 3073 688 3145 p.
742 3052 916 3124 282.
968 3050 1311 3145 potissime
1363 3074 1565 3147 pravo
1617 3050 1737 3121 illo
1787 3046 2028 3123 καίτοι
2078 3058 2222 3121 erat
2256 3051 2601 3121 effectum.
2853 3038 2859 3049 ’

821 3150 929 3228 De
983 3148 1247 3247 Oedipo
1301 3151 1669 3247 tragoedia,
1725 3175 1889 3246 quae
1942 3162 2009 3224 et
2059 3152 2205 3248 ipsa
2254 3150 2455 3224 sicuti
2503 3147 2719 3221 Laius
2772 3154 2844 3219 et

620 3250 896 3371 Sphinx·
935 3253 1005 3324 in
1053 3253 1270 3326 indiee
1319 3253 1684 3332 fabularum
1735 3254 2068 3338 nominata
2116 3261 2263 3343 est,
2334 3251 2500 3334 nihil
2553 3257 2841 3340 constat,

619 3355 749 3426 nisi
800 3354 1073 3449 mystica
1125 3354 1440 3450 quaedam
1490 3355 1573 3432 in
1613 3378 1697 3425 ea
1724 3356 2029 3450 evulgata
2065 3354 2378 3426 creditum
2414 3377 2585 3424 esse.
2668 3345 2856 3422 Veri'

617 3455 1019 3526 simillimum
1070 3465 1195 3547 est,
1251 3459 1700 3575 argumentum
1750 3455 1922 3532 idem
1975 3455 2205 3545 fuisse,
2260 3454 2434 3573 quod
2449 3451 2838 3572 Sophoclis

621 3554 870 3652 Oedipi
918 3556 1172 3653 Regis,
1240 3566 1314 3628 ut
1364 3558 1718 3654 compertis
1771 3580 1940 3653 quae
1989 3557 2258 3653 ignarus
2310 3556 2507 3652 impie
2560 3555 2837 3645 fecerat,

618 3681 765 3730 sese
819 3667 1232 3732 excaecaret.
1332 3656 1485 3744 Non
1539 3659 1744 3731 debeo
1796 3659 1906 3731 hie
1956 3659 2316 3754 praeterire
2352 3656 2841 3732 adnotationem

619 3759 1017 3832 scholiastae
1079 3757 1440 3856 Sophoclis
1487 3759 1588 3836 ad
1657 3757 1834 3835 Oed.
1898 3758 1990 3832 R.
2058 3783 2121 3830 v.
2174 3763 2349 3835 733.
2414 3757 2579 3854 περὶ,
2629 3761 2841 3832 Δαυ-

620 3856 793 3933 λίδα
848 3859 1039 3986 φησι
1099 3860 1238 3955 τὴν
1299 3860 1607 3956 σχιστὴν
1670 3855 1874 3940 ὁδόν.
1990 3858 2030 3933 5
2098 3856 2179 3934 δὲ
2242 3857 2613 3954 Αἰσχύλος
2672 3855 2843 3954 περὶ

622 3957 992 4051 Ποτνίας,
1057 3961 1324 4046 οὕτως·
1390 3966 1667 4058 ἐπῇμεν
1728 3970 1858 4057 τῆς
1918 3960 2103 4037 ὁδοῦ
2163 3960 2614 4058 τροχήλατον
2673 3983 2840 4053 σχι-

622 4069 797 4158 στῆς
844 4059 1203 4138 κελεύθου
1250 4062 1590 4192 τρίοδον,
1640 4065 1839 4139 ἔνθα
1888 4062 2269 4161 συμβολὰς
2313 4070 2544 4162 τριῶν
2591 4054 2838 4137 κελεύ-

623 4167 797 4238 θεον
846 4161 1302 4240 Ποτνιαὸων
1341 4163 1785 4263 ἠμείβομεν.
1901 4165 2357 4240 Valckenario
2425 4164 2511 4240 ad
2572 4164 2847 4238 Phaon.-

668 4268 866 4342 ..38
915 4266 1083 4342 haee
1142 4268 1214 4341 in
1265 4265 1528 4365 Oedipo
1576 4267 1894 4363 Aeschyli
1943 4268 2192 4364 seripta
2240 4267 2661 4358 videbantur,
2725 4264 2838 4336 in·-

623 4292 1071 4466 elinabamque
1134 4392 1215 4442 eo
1259 4389 1391 4467 ego
1446 4394 1702 4466 quoque
1757 4370 1828 4442 in
1879 4368 2341 4446 dissertatione
2392 4369 2474 4441 de
2526 4366 2835 4457 Glaucia,
