3192 4992
623 325 754 395 am
868 359 889 373 κ
1050 289 1057 296 ’
1262 330 1363 389 on
1406 327 1789 392 AroLLms
1831 328 1933 390 ET
1973 325 2233 388 ιιιιΝΑ.

624 493 964 593 signatur:
1035 493 1150 591 qui
1211 517 1371 567 vero
1439 493 1573 567 sint
1635 494 1753 567 isti
1801 490 2223 590 Hyperborei
2271 488 2561 564 nondum
2611 513 2704 563 ex
2751 491 2855 564 liis

623 598 1049 696 perspicitur.
1150 594 1349 688 Quod
1399 595 1462 668 si
1511 604 1764 668 certum
1814 604 2036 686 esset,
2092 593 2266 691 quod
2318 591 2703 689 quibusdam
2756 594 2857 665 vi-

627 701 846 789 detur,
896 697 1326 771 Doriensium
1376 698 1618 770 tribum
1666 696 2049 791 Hylleidem
2100 693 2427 792 quondam
2476 694 2546 765 ιιι
2579 687 2856 789 Illyrico

534 793 1035 891 loconsedisse‚
1088 801 1269 873 certe
1319 800 1594 897 propius
1630 798 2207 895 septemtrionibus
2240 795 2698 867 admoveretur
2745 796 2858 868 hie

622 902 1051 975 Doriensium
1105 900 1291 972 deus.
1323 901 1398 998 ⁴²³)
1500 899 1730 973 Nihilo
1784 907 2001 971 tamen
2051 897 2298 971 certior
2324 896 2672 969 Niebuhrii
2704 897 2860 993 opi-

621 1005 737 1076 nio
788 1012 918 1095 est,
970 1002 1212 1098 Hyllos
1267 1026 1525 1098 quoque
1574 1001 1645 1073 ιιι
1695 1000 2008 1097 Pelasgis
2059 999 2492 1072 numerantis.
2594 997 2854 1071 Tenuis

622 1107 798 1178 fama
848 1113 990 1196 est,
1058 1112 1320 1176 servata
1369 1104 1450 1175 ab
1500 1103 1865 1200 Apollonio
1915 1101 2185 1175 Rhodio
2234 1098 2373 1172 IV.
2424 1100 2604 1175 529.
2671 1123 2852 1196 seqq.

559 1246 563 1249 ·
622 1205 867 1280 Invicti
920 1206 1096 1278 enim
1144 1230 1293 1278 esse
1351 1206 1750 1303 putabantur
1813 1204 2079 1276 defosso
2145 1202 2319 1298 apud
2383 1225 2504 1275 eos
2567 1202 2854 1298 tripode,

623 1333 816 1405 quem
863 1307 1152 1404 Delphis
1201 1306 1404 1379 Iason
1456 1306 1852 1402 accepisset.
1954 1304 2201 1401 Utique
2253 1304 2315 1375 si
2363 1328 2452 1375 ex
2500 1301 2858 1400 Hyperbo-

622 1410 760 1481 reis
812 1431 1003 1482 sacra
1051 1409 1391 1504 Apollinis
1441 1409 1512 1486 in
1564 1406 1921 1482 Graeciam
1971 1406 2296 1479 translata
2344 1404 2710 1494 dicuntur,
2744 1405 2856 1477 vix

619 1512 694 1585 ιιι
745 1512 941 1584 aliter
987 1511 1277 1607 intelligi
1324 1517 1587 1606 potest,
1641 1533 1834 1607 quam
1884 1514 2235 1605 apportata
2284 1530 2434 1580 esse
2485 1531 2574 1578 ex
2621 1506 2853 1603 ignoto

622 1637 856 1685 versus
906 1613 1440 1708 septemtrionem
1474 1619 1694 1684 tractu
1727 1618 2072 1683 terrarum.
2176 1607 2326 1699 Qua
2371 1632 2526 1680 vero
2562 1615 2857 1680 exterra

619 1715 829 1787 allata
894 1737 1043 1787 esse
1112 1714 1538 1796 conficiamus
1555 1715 1612 1803 ,'
1665 1712 1832 1783 nihil
1895 1711 2209 1784 habemus
2277 1710 2460 1780 aliud
2530 1733 2725 1806 quam
2788 1716 2856 1780 et

621 1816 840 1912 ipsum
891 1815 1084 1886 deum
1134 1823 1203 1886 et
1251 1815 1542 1910 virgines
1593 1813 2061 1909 Hyperboreas
2094 1812 2328 1907 Argen
2378 1811 2518 1883 sive
2552 1810 2856 1884 Hecaer-

622 1939 756 2012 gen
806 1923 876 1987 et
904 1913 1116 2015 Opin,
1170 1923 1239 1987 et
1290 1915 1462 2011 quod
1517 1916 1851 1987 asinorum
1902 1914 2307 1986 hecatombis
2343 1914 2610 2009 placare
2637 1912 2856 2010 Apol·-

623 2017 826 2088 linem
887 2014 1358 2113 Hyperboreos
1424 2017 1693 2113 scripsit
1755 2014 2114 2086 Pindarus.
2233 2013 2538 2085 Maxime
2612 2014 2685 2085 ιιι
2751 2014 2900 2086 his-

621 2119 907 2191 animum
972 2118 1320 2191 advertunt
1384 2118 1736 2214 Hecaerge
1804 2125 1873 2192 et
1937 2114 2156 2213 Opis,
2232 2115 2405 2212 quod
2472 2123 2542 2187 et
2603 2113 2852 2212 Apollo

624 2215 973 2320 ἑκάεργος
1016 2219 1239 2314 diet„
1288 2227 1418 2311 est,
1471 2229 1540 2293 et
1589 2219 1761 2316 Upis
1813 2243 2178 2314 cognomen
2232 2225 2337 2289 est
2369 2216 2658 2290 Dianae.
2757 2215 2856 2289 Et

621 2322 960 2417 Apollinis
1013 2322 1272 2417 quidem
1323 2323 1520 2394 istam
1569 2321 2107 2418 appellationem,
2162 2320 2348 2392 euius
2400 2318 2570 2389 aliae
2603 2318 2855 2392 formae

622 2432 777 2496 sunt
810 2420 1277 2518 ἑκατηβόλος,
1329 2421 1869 2520 ἑκατηβελέτης,
1920 2416 2293 2516 ἑκηβόλος,
2348 2414 2628 2507 ἑκατός,
2671 2428 2857 2492 vete-

619 2548 765 2595 rum
817 2527 1249 2622 interpretum
1311 2524 1550 2597 levitas
1616 2524 1695 2595 ab
1763 2524 1964 2620 longe
2016 2523 2362 2595 iaculando
2414 2522 2655 2596 saetam
2705 2546 2853 2596 esse

619 2628 958 2721 persuasit
1007 2627 1147 2696 fere
1200 2625 1397 2696 etiam
1447 2625 1966 2697 recentioribus.
2019 2625 2295 2696 meliora
2326 2631 2693 2696 monstrare
2727 2648 2855 2720 po·

620 2734 797 2797 terat
824 2724 1110 2815 Hecate,
1162 2749 1330 2820 quae
1381 2748 1461 2796 ea
1513 2725 1639 2796 dea
1688 2734 1815 2816 est,
1870 2726 2056 2797 cuins
2098 2725 2294 2820 ἕκητι
2333 2748 2628 2821 quaeque
2664 2724 2851 2798 fiunt.

620 2825 882 2898 Hecate
933 2834 1152 2896 autem
1202 2825 1399 2896 etiam
1447 2824 1709 2897 Dianae
1759 2848 2126 2922 cognomen
2177 2835 2305 2899 est.
2409 2826 2587 2918 Quin
2633 2826 2853 2898 Bran-

618 2927 733 3002 chi
784 2921 955 2999 vatis
980 2925 1295 2998 Milesios
1343 2926 1690 2999 lustrantis
1742 2952 2029 3019 versum,
2084 2928 2198 3024 qui
2247 2929 2593 3000 exordium
2631 2929 2852 3023 hymni

618 3036 806 3120 erat,
873 3027 1187 3101 Clemens
1234 3028 1732 3101 Alexandrinus
1786 3027 2043 3102 Strom.
2094 3027 2194 3101 V.
2245 3033 2320 3120 8,
2374 3030 2500 3104 49.
2549 3053 2624 3126 p.
2662 3031 2852 3126 675.

617 3130 763 3205 sive
815 3131 948 3205 vol.
998 3123 1146 3201 III.
1196 3155 1268 3227 p.
1321 3132 1447 3206 36.
1500 3130 1610 3202 ed.
1659 3129 1864 3229 Lips.
1916 3139 2236 3204 memorat
2284 3131 2497 3204 hunc·

822 3278 1148 3380 μέλπετε,
1199 3275 1263 3354 ὦ
1312 3273 1594 3374 παῖδες,
1640 3255 2032 3383 Ἑκάεργον
2081 3279 2208 3355 καὶ
2246 3275 2668 3383 Ἐκαεργαν.

618 3432 824 3506 Patet
874 3456 991 3505 eos
1045 3432 1205 3505 deos
1255 3433 1360 3505 his
1411 3434 1782 3505 nominihus
1833 3434 2183 3531 appellari,
2239 3456 2513 3530 quorum
2561 3432 2854 3531 propitia

618 3535 690 3606 vi
738 3534 1015 3606 mundus
1067 3542 1262 3630 atque
1313 3536 1581 3631 negotia
1631 3536 1964 3608 hominum
2015 3546 2355 3632 regantur,
2407 3536 2504 3607 ita
2546 3543 2622 3607 nt
2655 3537 2853 3607 etiam

619 3636 736 3732 qui
786 3637 1003 3709 subito
1055 3659 1289 3708 caussa
1339 3661 1468 3708 non
1520 3638 1879 3734 conspicua
1929 3639 2319 3728 moriuntur,
2373 3638 2628 3709 horum·
2621 3637 2851 3734 -placi-

586 3768 588 3770 ’
624 3738 727 3809 dis
777 3738 933 3808 telis
982 3738 1153 3809 ictos
1206 3737 1387 3810 credi
1441 3747 1771 3834 oporteat.
1872 3737 2025 3811 Non
2074 3740 2283 3834 igitur
2331 3738 2477 3812 falli
2532 3739 2845 3834 videmur,

619 3833 685 3910 si
734 3835 1014 3911 alterum
1043 3838 1434 3935 Hecaergae
1485 3864 1720 3912 nomen
1756 3840 1985 3938 Argen
2039 3839 2122 3911 ad
2175 3841 2444 3914 diurnae
2495 3839 2668 3912 lucis
2708 3839 2850 3910 cla-

619 3939 886 4013 ritatem
949 3961 1374 4037 caussamque
1440 3941 1583 4012 eius
1650 3944 1860 4016 solem
1922 3941 2308 4034 referimnS,
2382 3938 2569 4038 Opin
2631 3948 2849 4013 autem
2967 3969 2970 3970 ⁷

795 4192 857 4275 ¹⁵)
914 4194 1110 4254 Contra
1153 4194 1217 4254 Ο.
1261 4195 1540 4254 Miillerum
1585 4196 1823 4274 cupidius
1845 4196 2159 4276 Apollinem
2200 4197 2546 4256 Doriensibus
2586 4191 2847 4255 vindican-

548 4319 565 4336 ι
627 4286 732 4339 tem
787 4278 1068 4357 disputavit
1121 4280 1182 4338 C.
1226 4280 1306 4339 M.
1349 4280 1682 4339 Fleischerus
1738 4289 1794 4342 in
1848 4288 2227 4342 commentariis
2280 4284 2343 4341 de
2397 4282 2559 4354 mythi
2609 4285 2847 4360 inprimis

579 4375 585 4400 ³
628 4367 821 4424 Graeci
862 4376 1064 4437 natura,
1104 4384 1236 4442 quos
1266 4365 1437 4424 »Halis
1461 4367 1730 4426 Saxonum
1771 4366 1934 4427 edidit
1973 4389 2025 4428 a.
2067 4366 2251 4430 1888.
2293 4388 2347 4446 p.
2389 4365 2492 4428 233.
2533 4385 2680 4445 seqq.
