3192 4992
557 311 562 320 *
635 362 764 431 17⁰
1188 361 1782 426 EMENDATIONES
1820 363 2295 424 PmDAchE.

631 531 868 627 Neque
911 533 1154 607 κοῖται
1199 529 1488 606 alienum
1536 553 1581 602 a
1628 528 1918 608 ‹liofiono
1963 529 2423 628 interpretum.
2533 528 2661 605 Sic
2706 530 2858 605 He-

632 633 936 730 sychius:
1007 626 1253 719 εὐνάς,
1300 629 1573 714 κοίτας.

834 731 933 806 V.
985 737 1111 809 38.
1164 734 1358 833 (59.)
1408 758 1543 806 non
1593 731 2016 805 dubitandum
2064 730 2363 826 videtur,
2418 732 2576 830 quin
2622 732 2858 831 plura-

629 836 717 908 lis
767 833 932 910 κατ’
1006 830 1548 932 ἀμευσιπόρους
1603 829 1947 933 τριόδους
2006 828 2375 929 ἐδινάθην
2420 834 2685 906 restitui
2734 834 2857 908 de-

630 937 785 1034 belat
832 960 955 1035 pro
1007 937 1355 1035 singulari.
1453 936 1627 1010 Nam
1692 934 1867 1032 quod
1915 933 2300 1008 Boeckhius
2347 937 2612 1034 posuit,
2679 934 2846 1009 κατ’

512 1051 517 1060 ’
630 1033 1155 1140 ἀμευσιπόρων
1221 1032 1547 1134 τριόδων
1622 1061 1746 1134 per
1806 1036 2073 1134 linguae
2143 1038 2329 1134 leges
2397 1062 2531 1110 non
2596 1037 2856 1111 videtur

629 1140 794 1213 ferri
840 1164 1067 1237 posse.
1168 1139 1335 1236 Quis
1384 1139 1598 1212 nescit
1650 1146 1867 1211 autem
1896 1162 2203 1211 numeros
2252 1139 2577 1234 pluralem
2612 1147 2681 1213 et
2710 1141 2854 1213 sin-
2977 1240 2981 1243 .

631 1242 929 1340 gularem
977 1242 1059 1312 ab
1108 1241 1399 1316 librariis
1448 1242 1810 1340 permutari
1859 1234 2300 1337 saepissime?

536 1335 633 1409 16
832 1340 1046 1418 Varie
1096 1367 1139 1414 a
1186 1343 1438 1420 criticis
1488 1349 1743 1415 tentata
1789 1343 1944 1415 sun't
1991 1342 2158 1414 haec
2203 1365 2272 1414 V.
2322 1344 2451 1418 41.
2502 1342 2700 1442 (63.)

931 1498 1225 1583 Μοῖσα,
1274 1473 1361 1567 τὸ
1404 1489 1486 1566 δὲ
1523 1490 1717 1583 τέον,
1770 1496 1834 1567 εἰ
1863 1495 2126 1591 μισθῷ
2161 1492 2484 1569 συνέθευ
2511 1492 2852 1591 παρέχειν

933 1594 1205 1693 φωνὰν
1253 1590 1718 1696 ὑπάργυρον,
1769 1594 2014 1670 ἄλλοτ’
2075 1595 2263 1693 ἄλλᾳ
2311 1597 2773 1692 ταρασσέμεν

930 1695 980 1794 ἢ
1029 1694 1254 1793 πατρὶ
1303 1694 1727 1796 Πυθονίκῳ
1773 1690 1862 1770 τό
1910 1724 1995 1798 γε
2041 1694 2188 1774 νὺν
2234 1693 2283 1794 ἢ
2338 1694 2810 1797 Θρασυδαίῳ,

931 1805 1090 1874 τῶν
1138 1793 1567 1898 εὐφροσύνα
1616 1825 1696 1872 τε
1743 1794 1871 1872 καὶ
1919 1794 2078 1886 δόξ’
2134 1796 2519 1901 ἐπιφλέγει.

626 1949 842 2023 Metri
904 1949 1170 2040 vitium,
1239 1949 1414 2046 quod
1463 1949 1909 2047 Mingarellus
1969 1950 2222 2027 inserto
2272 1977 2357 2051 γε
2368 2003 2396 2038 ,
2465 1948 2852 2026 Boeokhius

630 2047 1028 2127 συνετίθευ
1080 2051 1425 2124 scribendo
1475 2050 1935 2123 removendum
1987 2059 2405 2143 censuerunt,
2477 2077 2605 2149 ego
2655 2053 2854 2125 aliter

627 2176 832 2250 supra
880 2153 1146 2241 sustuli,
1198 2177 1396 2250 quum
1443 2154 1640 2250 posui
1685 2151 2091 2250 παρεχέμεν
2124 2151 2471 2229 συνέθευ.
2571 2153 2853 2251 Apodo-

628 2256 736 2328 sin
800 2254 880 2325 ab
948 2253 1192 2327 ἄλλοτ’
1269 2254 1455 2351 ἄλλᾳ
1516 2255 1853 2352 incipere,
1926 2263 1994 2327 et
2058 2255 2465 2328 concinnitas
2530 2255 2849 2329 orationis

624 2357 923 2459 postulat
971 2364 1040 2428 et
1086 2357 1454 2429 sententiae
1505 2357 1706 2429 ratio.
1807 2356 1942 2429 Est
1985 2357 2159 2428 enim
2193 2354 2437 2429 ἄλλοτ’
2488 2356 2676 2453 ἄλλᾳ
2717 2382 2850 2430 τα·-

624 2457 994 2556 ρασσέμεν
1042 2483 1269 2531 vocem
1319 2459 1718 2551 victoribus,
1784 2459 1978 2531 modo
2043 2456 2198 2532 hinc
2245 2457 2439 2531 modo
2489 2459 2680 2531 illinc
2729 2458 2851 2531 de-

622 2584 929 2658 promere
979 2560 1286 2630 carminis
1337 2560 1730 2654 laudumque
1765 2560 2127 2632 materiam.
2228 2558 2311 2631 Id
2342 2559 2546 2656 Pyth.
2582 2561 2686 2633 X.
2722 2562 2848 2635 53.

626 2663 823 2756 (82.)
877 2660 1084 2730 dixitz
1121 2707 1128 2718 -
1163 2658 1579 2781 ἐγκωμίων·
1611 2658 1758 2758 γὰρ
1824 2659 2062 2742 ἄωτος
2106 2657 2375 2748 ὕμνων
2421 2661 2536 2735 ἐπ’
2593 2662 2840 2736 ἄλλοτ’

627 2762 854 2834 ἄλλον
915 2751 1056 2830 ὧτε
1103 2764 1431 2853 μελισσα
1458 2753 1683 2832 θύνει
1731 2757 1975 2860 λόγον.
2093 2761 2288 2852 Quod
2349 2764 2646 2859 sequitur
2694 2766 2877 2838 ἐπι--

575 2851 580 2864 ’
625 2859 875 2959 φλέγει
922 2884 1054 2931 uon
1105 2868 1287 2932 recte
1338 2861 1567 2950 lucet,
1623 2860 1874 2951 ardet,
1926 2862 2282 2962 splendet
2306 2865 2843 2962 interpretantur,

627 2963 802 3059 quod
854 2971 957 3034 est
1004 2962 1228 3058 potius
1278 2961 1647 3053 incendit,
1699 2963 1959 3035 scilicet
2007 2963 2274 3038 Musam
2324 2965 2408 3038 ad
2459 2967 2847 3040 canendum.

825 3061 1049 3136 Venio
1088 3062 1368 3160 denique
1397 3063 2006 3139 ad·vexatissimum
2040 3068 2284 3160 locum,
2338 3068 2453 3164 qui
2485 3077 2589 3142 est
2627 3094 2689 3144 V.
2717 3071 2843 3146 54.

625 3166 820 3266 (83.)
874 3166 987 3265 qui
1036 3165 1138 3237 sic
1188 3175 1293 3237 est
1340 3165 1414 3236 in
1461 3166 1653 3238 libris
1704 3166 2036 3265 scriptnsz

1230 3314 1597 3416 φθονεροὶ
1646 3314 1721 3391 <5³
1781 3307 2142 3413 ἀμύνοντ’
2200 3319 2291 3393 ἄ-

565 3507 573 3516 ,
699 3491 708 3496 .
823 3444 940 3518 τᾳ·
992 3420 1063 3492 εἴ
1103 3445 1215 3504 τις
1264 3418 1498 3519 ἄκρον
1547 3416 1737 3496 ἑλών
1786 3416 2033 3548 ἅσυζᾶ
2063 3447 2143 3496 τε
2182 3415 2586 3520 νεμόμενος
2618 3421 2843 3503 αἰνὰν

1930 3549 1982 3600 υ
2087 3549 2162 3598 ιν

824 3617 1240 3723 ἀπέφυγεν,
1288 3620 1604 3718 μέλανος
1652 3618 1729 3695 δ’
1762 3621 1909 3718 (ἀν’
1967 3521 2318 3719 §gatair

817 3719 1170 3798 καλλίονα
1217 3720 1562 3820 θάνατον
1611 3722 1800 3820 ἔσχε,
1835 3730 2275 3851 γλυκυτατᾷ
2319 3734 2540 3834 γενεᾷ

816 3818 1210 3922 εὐώνυμον
1254 3820 1588 3904 κτεάνων
1635 3847 2041 3924 κρατισταν
2081 3824 2310 3927 χάριν
2357 3822 2636 3929 πορών.

615 3971 757 4047 Pro
807 3972 1020 4068 ἔσχεν
1081 3978 1336 4074 aliquot
1395 3977 1554 4050 libri
1617 3978 1723 4053 ἐν.
1845 3978 2042 4071 Quod
2089 4003 2132 4051 a
2178 4005 2282 4055 me
2331 3990 2479 4055 erat
2523 3981 2838 4080 proposi-

616 4085 798 4168 tum,
861 4099 1060 4172 quum
1110 4080 1328 4152 cratin
1391 4080 1462 4152 in
1514 4078 1661 4177 ἄτᾳ
1709 4082 1775 4153 εὶ
1832 4105 1968 4156 non
2015 4083 2401 4180 probarem,
2466 4081 2870 4182 φθονεροὶ,

615 4176 695 4254 δ’
768 4172 1209 4269 ἀμεύονται·
1271 4187 1417 4256 τᾶν
1482 4183 1553 4253 εἴ
1606 4207 1719 4264 τις
1778 4181 2014 4280 ἄκρον
2075 4178 2286 4272 ἑλών,
2354 4185 2428 4257 id
2490 4186 2620 4258 etsi
2680 4186 2836 4260 aliis

615 4304 750 4353 non
800 4279 1217 4379 displicuisse
1266 4282 1487 4374 video,
1535 4290 1755 4356 tamen
1787 4283 1983 4359 hodie
2020 4309 2155 4359 non
2192 4293 2355 4386 puto
2397 4311 2833 4379 verum—esse,

616 4406 753 4455 uon
802 4382 1017 4456 solum
1065 4382 1241 4481 quod
1290 4382 1437 4484 ἄτᾳ
1484 4392 1753 4459 tuentur
1799 4386 2225 4483 scholiastae,
2275 4387 2395 4461 sed
2429 4390 2627 4462 etiam
2655 4387 2831 4486 quod
