3192 4992
656 356 786 430 sm
976 333 981 336 ’
1142 425 1151 433 .
1294 358 1394 419 nr
1435 356 1816 422 Aroma-m
1853 358 1962 419 m·
2000 358 2261 420 num.
2669 333 2674 342 “
2905 436 2913 442 ‚
3151 341 3156 576 ⁴

550 607 553 612 s
657 517 906 599 draco
952 524 1258 623 ingene.
1359 523 1522 598 Hic
1568 534 1760 598 anto
1786 521 2232 623 Apollinem
2282 546 2397 597 ex
2445 524 2775 596 orac-ulo
2807 524 2888 598 in

659 638 916 712 monte
962 626 1366 702 Parnasso
1430 649 1811 724 res-poma
1873 625 2074 699 dare
2136 626 2410 699 colitm
2457 622 2659 698 erist.
2782 625 2888 698 Eo

644 730 877 801 ‚dictus
932 725 1192 802 videtur
1238 726 1561 825 producta
1601 726 1846 821 vocali,
1897 735 1972 799 ut
2022 750 2188 824 qnae
2231 726 2733 800 convenientior
2782 751 2892 799 es-

518 891 529 900 .
615 836 772 918 θεοί
819 829 1068 902 nomini
1116 828 1417 927 proprio,
1472 824 1809 915 Πυθαίν,
1859 852 1993 902 non
2044 852 2085 900 a
2135 823 2438 916 πύθειν,
2492 827 2666 924 qnod
2698 827 2890 902 finxit

667 932 955 1030 scriptor
1000 929 1344 1003 Homerici
1388 931 1464 1008 in
1511 930 1895 1027 Apollinem
1944 930 2166 1025 hymni
2216 953 2282 1001 v.
2334 932 2511 1004 363.
2564 953 2754 1026 seqq.

802 1120 811 1128 ,
863 1032 1189 1128 Magnum
1265 1032 1432 1105 haec
1500 1040 1896 1104 momentum
1965 1031 2208 1104 hahent
2273 1031 2356 1103 ad
2427 1030 2888 1103 declarandum

663 1158 895 1206 munus
925 1133 1264 1230 Apollinis
1312 1132 1678 1205 fatidicum.
1776 1131 2063 1205 Frustra
2112 1132 2308 1206 enim.
2333 1132 2716 1204 laborarunt
2768 1132 2890 1204 viri

666 1237 886 1328 docti,
965 1243 1040 1306 ut
1102 1235 1526 1310 ostenderent
1591 1259 1711 1308 cur
1777 1242 1957 1307 vates
2023 1258 2172 1306 esse
2220 1233 2471 1330 Apollo
2536 1233 2885 1307 diceretur.

664 1337 818 1409 Non
870 1346 974 1409 est
1043 1336 1154 1409 hic
1202 1336 1366 1409 deus
1416 1344 1651 1407 natura
1700 1359 1821 1409 sua
1871 1335 2219 1426 fatidicus,
2291 1335 2411 1408 sed
2462 1336 2778 1407 tributum
2826 1335 2889 1406 ei

666 1441 795 1511 hoc
846 1437 1135 1511 officium
1186 1446 1290 1514 est
1337 1448 1733 1535 propterea,
1800 1437 1974 1534 quod
2028 1436 2093 1508 vi
2141 1437 2535 1509 introductis
2588 1438 2731 1508 eius
2784 1460 2890 1507 sa-

667 1541 799 1611 cris
851 1541 1184 1635 antiquum
1252 1539 1425 1636 quod
1475 1539 1763 1637 Delphis
1814 1547 1958 1611 erat
2011 1540 2344 1611 oraculum
2397 1538 2465 1609 in
2515 1538 2890 1635 possessio-

665 1666 813 1713 nem
863 1642 1045 1714 venit
1106 1643 1261 1713 novi
1313 1641 1461 1733 dei,
1536 1665 1728 1737 quem
1792 1665 1923 1713 non
1988 1664 2135 1713 esse
2188 1650 2400 1714 vatem
2466 1642 2663 1712 etiam
2726 1638 2890 1711 illud

666 1742 1249 1840 documento-est,
1323 1741 1494 1838 qnod
1563 1766 1698 1815 non
1764 1766 1922 1834 sna,
1992 1741 2109 1814 sed
2160 1735 2345 1814 Iovis
2411 1743 2680 1814 oracula
2731 1740 2890 1813 edit.

666 1840 809 1916 Sed
856 1851 1204 1941 postquam
1251 1843 1453 1940 potiti
1517 1844 1786 1916 oraculo
1851 1843 1984 1916 isto
2048 1867 2238 1916 sacra
2286 1841 2486 1915 latins
2534 1837 2891 1941 propagari

668 1954 905 2042 coepta
956 1951 1132 2037 sunt,
1186 1946 1384 2017 etiam
1434 1945 1589 2017 aliis
1637 1945 1806 2018 locis
1860 1945 2128 2017 oracula
2177 1944 2495 2018 exstitere
2528 1944 2888 2041 Apollinis,

666 2048 872 2144 multo
938 2045 1056 2117 illa
1120 2054 1337 2118 tamen
1389 2047 1604 2118 minus
1655 2046 1901 2120 nobilia
1966 2069 2156 2142 qnam
2208 2046 2649 2143 Delphicum,
2722 2045 2891 2142 quod

665 2148 795 2219 iam
859 2148 1248 2245 perantiquo
1314 2156 1610 2244 tempore
1678 2147 2241 2246 opulentissimum
2305 2147 2512 2222 fuisse
2561 2141 2891 2221 Homerus

663 2249 914 2366 indicat
962 2247 1164 2321 Iliad.
1214 2245 1359 2342 IX,
1411 2251 1590 2325 404.

869 2398 1039 2475 οὔδ’
1099 2398 1240 2474 ὅσα
1290 2397 1540 2485 λάϊνος
1591 2398 1815 2484 οὐδὸς
1862 2394 2232 2498 ἀφήτορος
2280 2393 2488 2482 ἐντὸς
2535 2398 2763 2502 ἐέργει

868 2500 1170 2602 Φοίβου
1204 2499 1663 2586 ’Λπόλλωνος
1711 2505 1984 2578 Πυθοῖ
2027 2500 2140 2577 ἐνὶ
2189 2501 2610 2600 πετρηέσσῃ.

816 2653 1049 2726 Redeo
1103 2652 1188 2724 ad
1235 2651 1667 2752 Euripidem,
1741 2653 1853 2750 qui
1918 2678 2083 2750 quae
2133 2653 2254 2727 illo
2308 2678 2497 2751 quem
2551 2652 2695 2724 dixi
2742 2652 2891 2725 loco

667 2755 965 2826 fabulose
1015 2762 1361 2850 poetarum
1412 2780 1594 2826 more
1647 2757 2018 2845 exornavit,
2071 2762 2312 2828 tectam
2362 2755 2725 2828 involucris
2777 2779 2894 2827 ve-

668 2879 783 2927 rae
835 2853 934 2926 rei
982 2856 1425 2927 narrationem
1478 2855 1838 2929 continent.
1939 2857 2075 2929 Hic
2125 2857 2301 2953 quod
2342 2856 2529 2949 dicit,
2581 2856 2893 2950 Terram,
2979 2877 2984 2888 ·

672 2981 800 3053 quo
850 2956 1109 3054 pulsam
1162 2956 1244 3029 de
1299 2957 1565 3030 oraculo
1621 2958 1702 3029 ab
1734 2958 2049 3057 Apolline
2087 2957 2482 3031 Themidem
2532 2957 2897 3031 ulciscere-
2957 3015 2961 3019 -

670 3071 818 3151 tur,
871 3058 1180 3156 gravibus
1232 3057 1502 3131 somniis
1553 3059 1851 3133 homines
1906 3060 2287 3153 territasse,
2362 3084 2568 3156 eaque
2619 3084 2696 3132 re
2748 3084 2896 3131 rur-

673 3185 815 3233 sum
866 3160 1189 3256 eripuisse
1219 3159 1523 3258 Apollini
1553 3162 1926 3252 oraculum3
1981 3184 2109 3260 quo
2153 3163 2330 3235 facto
2373 3161 2563 3234 illum
2593 3161 2674 3233 ab
2703 3160 2893 3253 Iove,
2953 3215 2958 3220 ·

673 3287 863 3360 quem
896 3261 1170 3352 adisset,
1222 3262 1642 3358 tranquillam
1674 3264 1925 3336 oraculi
1955 3262 2440 3362 possessionem
2469 3266 2893 3360 impetrasse:

671 3365 740 3460 id
791 3363 955 3435 nihil
1009 3361 1189 3434 aliud
1241 3371 1367 3454 est,
1423 3387 1612 3459 quam
1666 3365 1838 3460 quod
1892 3365 2099 3438 sacris
2152 3365 2542 3437 ‘ceremoniis
2584 3373 2898 3437 eunaete·

674 3464 837 3538 ridis
899 3462 1153 3562 Delphi
1215 3466 1834 3562 repraesentabantz
1916 3465 1997 3539 de
2064 3466 2298 3565 quibus
2361 3459 2763 3539 Plutarchus
2827 3466 2897 3542 in

676 3567 845 3664 libro
914 3566 1025 3662 qui
1077 3565 1158 3637 de
1211 3564 1473 3638 defectu
1526 3568 1937 3641 oraculorum
2005 3579 2110 3641 est
2162 3594 2225 3642 c.
2282 3568 2402 3643 15.
2453 3594 2525 3666 p.
2578 3572 2756 3642 417.
2806 3565 2896 3640 F.

542 3745 553 3764 ,
674 3669 769 3739 ita
820 3668 1124 3765 scripsit:
1191 3671 1531 3741 πλεῖστον
1580 3664 1663 3744 δὲ
1714 3665 2225 3765 τῆςνᾶληθείας
2256 3664 2896 3767 διαμαρτάνουσιν

678 3768 748 3864 οἱ
776 3773 1116 3866 ΙΔελφῶν
1164 3763 1550 3871 θεολόγοι,
1620 3769 2046 3866 νομίζοντες
2107 3766 2444 3845 ἐνταῦθά
2493 3799 2668 3844 ποτε
2716 3766 2897 3867 πρὸς

680 3869 859 3966 ὅφιν
918 3876 1024 3965 τῷ
1076 3872 1239 3967 θεῷ
1297 3869 1462 3967 περὶ
1524 3878 1661 3944 τοῦ
1720 3870 2168 3969 χρηστηρίου
2217 3868 2468 3967 μάχην
2513 3871 2896 3974 γενέσθαι,
3019 3879 3026 3888 ’

680 3968 805 4045 καὶ
851 3977 1111 4048 ταῦτα,
1136 3971 1438 4068 ποιητὰς
1484 3969 1613 4047 καὶ
1661 3971 2174 4103 λογογράφους
2203 3976 2285 4048 ἐν
2318 3969 2666 4071 θεάτροις
2697 3974 2899 4075 ἀγω-

679 4069 1108 4165 νιζομένους
1156 4071 1390 4249 ‚tigrem
1437 4076 1723 4165 ἐῶντες,
1780 4076 2013 4175 ὥςπερ
2064 4072 2392 4171 ἐπίτηδες
2441 4075 2898 4173 ἀντιμαρτυ-

681 4181 998 4271 ροῦντας
1049 4165 1157 4248 ὧν
1260 4179 1493 4273 ρῶσιν
1551 4176 1774 4273 ἱεροῖς
1824 4184 1977 4261 τοῖς
2028 4175 2483 4280 ἁγιωτάτοις.
2585 4171 2899 4274 θαυμά-

682 4299 950 4357 σαντος
999 4271 1080 4348 δὲ
1130 4282 1266 4349 τοῦ
1317 4274 1734 4366 Φιλίππου,
1800 4286 2045 4379 παρῆν
2106 4277 2253 4381 γὰρ
2306 4278 2346 4353 ὃ
2398 4274 2897 4381 συγγραφεύς,

679 4375 807 4452 καὶ
854 4375 1291 4476 πυθομένου
1338 4375 1537 4454 τίσιν
1584 4379 2160 4483 ἀντιμαρτυρεῖν
2189 4379 2424 4466 θείοις
2456 4385 2685 4458 οἴεται
2725 4378 2899 4463 τοὺς
