3192 4992
641 334 771 403 292
1275 336 1375 397 DE
1418 334 1800 397 APoLLmE
1840 335 1943 395 ΕΤ
1983 333 2244 396 ΒῙΔΝΔ.

643 502 750 576 nis
813 500 897 573 ad
959 499 1148 574 Plut.
1215 502 1442 577 1126.
1509 495 1825 576 ἑκάστου
1886 498 2036 603 γὰρ
2097 496 2333 598 μηνὸς
2389 497 2438 595 ἧ
2500 497 2872 597 νουμηνία

644 600 772 678 καὶ
818 600 865 698 ἡ
917 598 1204 700 ἑβδόμη
1254 601 1626 701 ἂφιέρωτο
1673 609 1782 700 τῷ
1818 600 2265 678 Ἀπόλλωνι.
2367 600 2655 676 Scilicet
2682 603 2875 676 novi-

646 704 830 777 lunio
881 705 1132 777 nullum
1180 707 1403 796 lunae,
1457 705 1576 778 sed
1629 729 1819 777 omne
1871 706 2035 777 selis
2083 703 2428 802 imperinm
2480 711 2612 776 est.

720 865 725 878 .
850 803 1179 879 Similiter
1228 814 1445 879 aestas
1544 807 1770 904 ropria
1819 814 1925 879 est
1949 806 2278 903 Apollini.
2376 804 2718 877 Himerius
2769 830 2873 877 or.

647 905 863 980 XIV.
921 910 1043 982 10.
1104 902 1202 1003 ἦν
1250 904 1390 1000 μὲν
1536 933 1585 982 ν
1633 906 1858 1004 θέρος
1915 905 2043 981 καὶ
2102 914 2239 980 τοῦ
2289 904 2565 1003 θέρους
2606 903 2693 979 τὸ
2738 904 2874 1001 μέ-

650 1033 789 1085 σον
819 1004 1029 1097 αὐτό,
1081 1007 1199 1082 ὅτε
1231 1011 1310 1093 ἐξ
1348 1007 1850 1108 Ὑπερβορέων
1874 1007 2206 1090 Ἀλκαῖος
2244 1008 2406 1109 ἄγει
2442 1004 2581 1081 τὸν
2611 1003 2873 1081 Ἀπόλ-

650 1120 877 1186 λωνα.
980 1108 1136 1182 Νοιι
1187 1110 1554 1183 rettulerim
1604 1119 1820 1182 tamen
1853 1111 2008 1201 hue,
2061 1109 2235 1206 quod
2267 1111 2337 1182 in
2379 1109 2605 1181 Dione
2645 1133 2708 1182 e.
2743 1112 2871 1183 23.

648 1219 878 1286 narrat
909 1209 1350 1285 Plutarchus:
1415 1205 1514 1306 ἦν
1561 1208 1702 1307 μὲν
1754 1205 1893 1286 οὖν
1931 1209 2206 1307 θέρους
2252 1208 2451 1306 ἀκμὴ
2467 1206 2614 1297 δκαὶ
2635 1214 2872 1284 κατεῖ-

644 1341 787 1409 χον
839 1309 1118 1409 ἐτησίαι
1165 1310 1253 1387 τὸ
1301 1311 1643 1413 πέλαγος·
1708 1311 1757 1409 ἡ
1807 1310 1891 1385 δὲ
1937 1307 2202 1409 σελήνη
2237 1309 2685 1407 διχομηνίαν
2707 1306 2869 1411 ἦγε·

650 1420 760 1510 τῷ
810 1412 886 1489 δ’
943 1409 1369 1489 Ἀπόλλωνι
1417 1411 1705 1488 θυσίαν
1752 1420 2262 1515 μεγαλοπρεπῆ
2310 1409 2875 1511 παρασκευάσας

652 1513 696 1589 ὃ
747 1512 955 1590 Δίων
1004 1511 1415 1611 ἐπόμπευσε
1463 1513 1653 1611 μετὰ
1698 1521 1855 1590 τῶν
1905 1520 2383 1613 στρατιωτῶν
2427 1512 2873 1610 κεκοσμημέ-

652 1642 815 1691 νων
862 1619 1024 1701 ταῖς
1072 1613 1513 1699 πανοπλίαις
1562 1613 1746 1713 πρὸς
1791 1612 1879 1689 τὸ
1927 1611 2152 1713 ἱερόν.
2268 1615 2439 1689 Nam
2485 1615 2617 1689 hoe
2666 1616 2876 1689 saeri-

655 1718 877 1790 ficium
944 1743 1030 1790 ex
1094 1726 1391 1816 tempore
1455 1718 1715 1790 videtur
1778 1718 2146 1791 instituisse
2207 1717 2374 1791 Dio.
2496 1715 2640 1791 Sed
2702 1716 2877 1789 idem

654 1818 1058 1891 Plutarchus
1106 1821 1178 1890 in
1227 1820 1458 1893 libello
1511 1819 1592 1892 de
1645 1846 1706 1893 ει
1744 1818 2078 1917 Delphico
2122 1844 2193 1917 p.
2224 1821 2400 1894 389.
2429 1816 2514 1892 G.
2561 1819 2679 1890 nbi
2704 1818 2878 1891 Del-

655 1919 827 2017 phos
890 1928 1166 2016 praeter
1205 1920 1585 2018 Apollinem
1642 1920 1838 1992 etiam
1886 1920 2223 1994 Bacchum
2288 1921 2511 1995 colere
2562 1919 2875 2011 ostendit,

657 2023 759 2094 sie
809 2022 1076 2093 scribit:
1144 2020 1297 2095 ἐπεὶ
1345 2020 1420 2097 δ’
1481 2021 1619 2095 οὐκ
1665 2024 1824 2104 ἴσος
1874 2020 1914 2094 ὃ
1963 2028 2121 2096 τῶν
2169 2018 2538 2119 περιόδων
2585 2022 2668 2094 ἐν
2718 2024 2878 2103 ταῖς

652 2122 1102 2220 μεταβολαῖς
1143 2120 1439 2221 χρόνος,
1493 2121 1678 2196 ἀλλὰ
1725 2120 2001 2216 μείζων
2052 2121 2092 2196 ὃ
2141 2131 2272 2219 τῆς
2304 2121 2573 2220 ἑτέρας,
2622 2121 2721 2217 ἣν
2753 2117 2878 2196 κό-

656 2249 796 2321 ρον
842 2230 1225 2313 καλοῦσιν,
1277 2224 1319 2297 ὅ
1349 2223 1430 2300 δὲ
1461 2231 1593 2319 τῆς
1613 2220 2137 2321 χρησμοσύνης
2166 2219 2517 2313 ἐλάττων,
2565 2221 2654 2298 τὸ
2687 2222 2879 2297 κατὰ

560 2321 881 2427 Iol-6707
941 2333 1335 2423 τηροῦντες
1395 2328 1780 2414 ἐνταῦθα,
1858 2324 1995 2400 τὸν
2055 2324 2197 2421 μὲν
2261 2325 2486 2399 ἄλλον
2534 2323 2878 2404 ἐνιαυτὸν

654 2433 916 2509 παιᾶνι
957 2434 1294 2522 χρῶνται
1351 2425 1516 2524 περὶ
1563 2426 1698 2509 τὰς
1744 2424 2060 2515 θυσίας,
2133 2425 2549 2524 ἀρχομένου
2599 2423 2681 2500 δὲ
2725 2454 2877 2521 χει-

654 2536 908 2634 μῶνος
956 2526 1452 2629 ἐπεγείραντες
1498 2527 1634 2603 τὸν
1684 2524 2213 2626 διθύραμβον,
2277 2528 2413 2604 τὸν
2461 2525 2545 2602 δὲ
2596 2536 2878 2604 παιᾶνα

654 2626 1285 2715 καταπαύσαντες,
1340 2633 1533 2722 τρεῖς
1580 2637 1823 2724 μῆνας
1872 2630 2038 2705 ἄντ’
2096 2628 2378 2705 ἐκείνου
2426 2636 2700 2704 τοῦτον
2745 2658 2879 2704 κα-

655 2737 1154 2803 τακαλοῦνται
1201 2728 1336 2802 τὸν
1370 2725 1584 2817 θεόν,
1639 2728 1815 2826 ὅπερ
1865 2729 2036 2826 τρία
2086 2729 2267 2826 πρὸς
2316 2733 2446 2820 530,
2470 2738 2694 2805 τοῦτο
2743 2730 2878 2828 τὴν

657 2825 1152 2925 διακόσμησιν
1199 2825 1520 2923 οἰόμενοι
1573 2828 1755 2927 πρὸς
1802 2829 1940 2925 τὴν
1988 2831 2402 2931 ἐκπύρωσιν
2451 2834 2664 2928 ἔχειν.

860 2928 1231 3003 Coniuncta
1282 2956 1428 3003 cum
1497 2931 1602 3004 his
1665 2933 1786 3004 illa
1837 2937 2133 3030 quaestio
2187 2945 2327 3028 est,
2399 2960 2517 3008 eur
2568 2943 2637 3007 et
2686 2942 2877 3008 natus

658 3034 939 3129 septimo
994 3032 1100 3103 die
1150 3032 1395 3105 mensis
1448 3033 1739 3106 creditus
1791 3035 1884 3107 sit
1929 3037 2205 3135 Apollo,
2259 3045 2328 3128 et
2375 3061 2566 3110 sacer
2617 3037 2681 3108 ei
2734 3060 2875 3109 esse

658 3135 869 3206 omnis
920 3157 1226 3206 numerus
1277 3136 1715 3230 septenarius.
1815 3138 2076 3234 Atque,
2145 3148 2218 3211 ut
2266 3138 2606 3235 Diogenes
2656 3137 2880 3210 Laer-

656 3235 791 3306 tius
840 3234 944 3306 Π.
997 3238 1122 3309 44.
1192 3242 1259 3306 et
1308 3233 1450 3307 III.
1505 3241 1576 3315 2.
1646 3236 1888 3331 refert,
1972 3239 2445 3337 Thargelionis
2512 3248 2705 3313 sexto
2773 3240 2877 3310 die

655 3334 984 3426 Dianam,
1050 3336 1329 3434 septimo
1380 3336 1763 3434 Apollinem
1811 3348 2004 3413 natos
2069 3366 2215 3414 esse
2269 3341 2609 3415 dicebant:
2682 3342 2881 3413 nimi-

655 3461 801 3508 rnm
850 3438 1036 3534 prius
1086 3446 1303 3509 natam
1354 3463 1501 3530 esse
1551 3439 1837 3513 Dianam
1888 3443 2271 3539 oportebat,
2337 3443 2515 3540 quod
2564 3466 2710 3515 eam
2761 3442 2876 3516 ob-

660 3537 952 3612 stetricis
1005 3537 1226 3611 officio
1276 3539 1348 3611 in
1397 3542 1728 3613 nascendo
1770 3542 1974 3615 fratre
2017 3543 2304 3618 functam
2333 3569 2481 3617 esse
2508 3543 2879 3620 crederent.

658 3638 849 3734 Bysii
911 3639 1155 3711 mensis
1218 3642 1565 3737 septimum
1630 3644 1797 3715 diem
1863 3646 2147 3717 natalem
2194 3646 2531 3742 Apollinis
2581 3645 2877 3718 ferebant

658 3738 913 3838 Delphi
978 3749 1148 3813 teste
1211 3741 1574 3816 Plutarcho
1639 3744 1711 3817 in
1774 3744 1862 3837 Q.
1929 3744 2178 3820 Graec.
2244 3749 2322 3824 9.
2402 3772 2473 3845 p.
2541 3749 2721 3824 292.
2780 3746 2873 3819 Ε.

662 3840 1141 3936 Thargelionis
1192 3845 1537 3941 septimum
1560 3845 2029 3939 Athenienses,
2079 3850 2425 3945 septimum
2469 3846 2716 3921 Garnei
2741 3845 2877 3943 Cy-

661 3966 1001 4035 renenses,
1053 3953 1129 4016 ut
1175 3943 1346 4016 idem
1399 3947 1492 4018 ait
1540 3948 1612 4018 in
1641 3947 1728 4040 Q.
1760 3947 2075 4045 Sympos.
2101 3947 2317 4023 VIII.
2360 3954 2429 4042 l,
2484 3955 2558 4024 2.
2600 3975 2673 4048 p.
2700 3954 2877 4026 717.

665 4038 761 4116 D.
812 4040 1227 4139 Simpliciter
1275 4048 1554 4143 septimo
1610 4047 1714 4121 die
1766 4052 2007 4123 mensis
2057 4059 2281 4123 natum
2330 4053 2665 4150 perhiberi
2716 4052 2877 4124 dicit
2973 4119 2984 4126 ,

665 4144 1057 4219 scholiastes
1118 4147 1433 4243 Aeschyli
1497 4149 1582 4221 ad
1642 4148 1725 4223 S.
1792 4176 1856 4224 e.
1919 4151 2145 4226 Theb.
2209 4155 2385 4231 806.
2514 4153 2877 4227 Recentius

667 4253 1100 4325 commentum
1148 4272 1295 4321 esse
1349 4249 1643 4344 videtur,
1708 4245 2189 4352 septimestrem
2248 4255 2319 4329 in
2368 4256 2583 4329 lucem
2632 4255 2877 4328 editum

667 4371 842 4448 esse,
894 4347 1069 4447 quod
1119 4373 1160 4421 a
1207 4350 1565 4427 scholiasta
1616 4349 2006 4432 Callimachi
2056 4358 2142 4430 ad
2189 4357 2259 4430 h.
2308 4356 2472 4448 Del.
2509 4357 2685 4433 251.
2737 4364 2877 4429 tra-
