3192 4992
933 370 1034 428 m:
1080 362 1370 430 orriolo
1412 331 1926 444 mTERPnETis.
2276 343 2287 366 ”
2412 371 2536 438 125

246 575 274 628 χ
348 538 519 612 valde
562 535 793 633 inepti,
849 534 986 631 qui,
1042 534 1215 631 quod
1265 532 1488 630 ἱερῶν
1516 536 1875 633 scripserat
1899 536 2251 637 Pindarus,
2291 536 2535 635 Ἱέρων
2660 527 2664 532 ’
2702 533 2707 544 ’

325 643 578 734 legem,
629 638 790 710 fecit
836 645 912 709 ut
962 660 1159 708 sensu
1209 645 1467 709 careret
1510 638 1758 709 oratio.
1860 638 1989 729 Ac,
2046 639 2175 710 nisi
2228 640 2381 736 quid
2429 665 2532 713 me

341 741 521 830 fallit,
574 738 832 836 accepit
880 737 1009 810 hoc
1055 738 1173 808 ille
1225 737 1304 808 ab
1358 739 1569 810 altero
1614 748 1817 830 teste,
1872 740 2229 812 scholiasta
2265 740 2533 813 Aristo·-

281 857 285 864 '
338 842 559 939 phanis
628 837 711 911 ad
761 840 941 911 Aves
992 863 1056 909 V.
1108 840 1285 912 927.
1353 840 1464 935 qui
1516 840 1617 911 sic
1667 841 1934 912 scribit:
2008 843 2088 913 ἐκ
2135 847 2289 914 τῶν
2336 846 2535 916 ·ΙΤιν-

337 939 563 1036 ὃοῖρου
611 935 1189 1037 ὑπορχημάτων·
1264 934 1471 1022 ξύνες
1523 939 1562 1012 ὅ
1612 969 1682 1013 τι
1732 941 1916 1041 λέγω
1970 940 2268 1030 ζαθέων
2315 941 2536 1039 ἱερῶν

336 1040 674 1138 ὁμώνυμε
724 1040 977 1138 πάτερ,
1027 1039 1323 1136 κτίστορ
1350 1044 1649 1123 Αἴτνας·
1704 1039 1948 1137 ἐπειδὴ
1999 1041 2040 1115 ὃ
2083 1041 2325 1137 Ἱέρων
2353 1045 2542 1117 ἔκτι-

333 1170 454 1220 σεν
503 1139 758 1240 αὐτήν.
854 1144 1342 1239 Aristophanes
1382 1144 1527 1240 ipse
1577 1145 1645 1214 in
1700 1144 1832 1215 isto
1879 1145 2118 1215 Avium
2164 1146 2320 1240 ⁴loco
2370 1145 2540 1219 Pin·
2672 1201 2675 1204 -

333 1247 468 1318 dari
522 1247 717 1318 verba
760 1243 865 1317 'sic
912 1246 1171 1342 posuit,
1235 1251 1318 1316 ‘ut
1366 1254 1590 1341 pateat
1641 1243 1866 1316 Iovem
1915 1247 2045 1317 ista
2096 1248 2537 1342 appellatione

329 1349 643 1421 invocari.
744 1346 891 1419 Nec
938 1346 1238 1443 profecto
1291 1346 1491 1417 verba
1539 1347 1661 1417 illa
1710 1348 1907 1418 aliter
1957 1348 2165 1444 accipi
2219 1357 2535 1443 possunt:

332 1451 443 1521 sed
507 1449 944 1539 scholiastae,
1023 1471 1151 1520 non
1218 1455 1597 1544 reputantes
1663 1445 2011 1545 κτίστορα
2061 1451 2342 1532 Αἴτνας
2408 1450 2541 1522 dici

326 1550 590 1642 Iovem,
659 1549 830 1646 quod
882 1558 1166 1621 montem
1212 1549 1494 1621 Aetnam
1544 1548 1871 1645 Typhoeo
1923 1551 2385 1648 imposuisset,
2457 1550 2539 1622 de

326 1656 485 1725 urbe
537 1653 934 1747 cogitarunt.
1036 1649 1360 1722 Pindarus
1411 1648 1641 1722 Iovem
1693 1648 2072 1747 Olympium
2137 1653 2538 1750 appellabat,

330 1756 440 1851 qui
504 1763 607 1825 est
672 1747 1066 1845 ὁμώνυμος
1133 1776 1465 1823 sacrorum
1520 1750 1896 1848 Olympiae.
2020 1753 2215 1845 Quod
2265 1754 2324 1825 si
2372 1754 2543 1825 nihil

274 1903 278 1918 ·
327 1857 437 1928 hic
488 1856 570 1926 de
620 1854 779 1925 urbe
828 1853 1047 1925 Aetna
1098 1854 1376 1944 dictum,
1446 1855 1799 1926 collabitur
1846 1854 2013 1926 illud
2066 1863 2543 1952 argumentum,

329 1981 455 2054 quo
519 1955 694 2028 istud
760 1955 1196 2052 hyporchema
1257 1963 1414 2052 post
1479 1953 1750 2052 Olymp.
1801 1954 2165 2029 LXXVI.
2235 1960 2308 2031 l.
2372 1958 2546 2030 scri-

323 2067 505 2156 ptum
554 2056 918 2128 videbatur.
955 2056 1050 2155 ¹⁸)
1273 2147 1274 2150 Ἴ
2260 2088 2264 2091 ·

524 2158 679 2231 Non
727 2158 978 2230 firmius
1045 2164 1148 2229 est
1213 2157 1488 2229 alterum
1555 2168 2048 2255 argumentum,
2094 2159 2296 2255 *qnod
2347 2167 2452 2231 est
2501 2183 2543 2230 a

328 2262 601 2333 victoria
651 2260 969 2331 mularum
1030 2258 1332 2355 petitum.
1434 2258 1675 2332 Posuit
1722 2260 2204 2357 Aristophanes
2253 2262 2324 2331 in
2373 2261 2543 2331 Avi-

323 2364 445 2435 bus
495 2386 561 2434 V.
613 2363 813 2460 926.
891 2359 1167 2431 Pindari
1218 2360 1416 2430 verba
1478 2361 1770 2456 paullum
1794 2370 2106 2452 mutata,
2175 2361 2256 2432 de
2309 2362 2541 2457 quibus

322 2464 627 2537 scholion
695 2486 824 2534 non
888 2460 1225 2532 emendate
1292 2462 1646 2556 scriptum:
1717 2459 1844 2533 καὶ
1907 2467 2144 2536 ταῦτα
2194 2463 2396 2556 παρὰ
2444 2459 2544 2535 τὰ

321 2568 408 2638 ἐκ
442 2557 872 2658 Πινδάρου·
941 2562 1083 2656 ἔχει
1133 2557 1215 2634 δὲ
1268 2557 1534 2643 οὕτως·
1571 2557 1993 2655 νομάδεσσι
2040 2560 2187 2663 γὰρ
2223 2564 2306 2637 ἒν
2334 2558 2545 2638 Σκύ-

316 2667 508 2747 θαις
559 2664 823 2738 ἀλᾶται
858 2669 976 2735 zv
1025 2657 1251 2750 ἄτιον,
1306 2661 1385 2744 ὃς
1434 2658 2010 2758 ἄμαξηφόρητον
2059 2662 2264 2737 οἶκον
2299 2664 2389 2738 οὐ
2416 2662 2559 2737 71⁶²-

324 2794 591 2854 παται,
659 2762 916 2861 ἀκλεὴς
976 2690 1049 2837 3'
1108 2763 1247 2860 ἔβα
1297 2761 1536 2837 τῶνδε
1554 2819 1579 2852 ,
1645 2761 1905 2861 λαβὼν
1950 2760 2306 2860 ἡμιόνους
2355 2753 2532 2861 ’παρ’

314 2867 678 2965 Ἱέρωνος,
746 2864 874 2940 καὶ
935 2866 1088 2961 ᾔτει
1152 2862 1384 2939 αὐτὸν
1432 2863 1559 2939 καὶ
1610 2862 2004 2961 ἄρμοίδιον.
2121 2864 2286 2939 Sine
2339 2868 2639 2945 dubio26

325 2971 492 3043 haec
542 2994 629 3041 ex
680 2969 909 3040 eodem
959 2968 1461 3064 hyporchcmate
1514 2977 1773 3063 sumpta
1824 2991 1971 3040 esse
2008 2969 2101 3041 ait
2132 2968 2541 3042 BoeckhiuS.

329 3070 469 3145 Cur
519 3063 732 3143 vero?
831 3068 1004 3141 Num
1067 3070 1218 3166 quia
1281 3069 1360 3139 ab
1409 3068 1855 3165 Aristophane
1907 3070 2274 3163 afferuntur⁸
2315 3072 2542 3167 paullo

223 3187 234 3196 '
328 3167 482 3271 post
534 3197 725 3270 quam
775 3171 1299 3269 hyporchematis
1348 3171 1531 3242 illins
1582 3171 1773 3243 initio
1810 3195 1966 3243 usus
2007 3165 2205 3243 erat?
2290 3171 2386 3243 At
2436 3173 2545 3244 in-

329 3276 672 3348 tercedunt
719 3274 870 3371 plus
923 3273 1148 3346 decem
1200 3295 1425 3343 versus
1475 3272 1652 3343 inter
1698 3273 2040 3368 utrumqne
2082 3273 2542 3367 fragmentum,

334 3387 401 3449 et
447 3376 785 3474 praemisit
834 3375 988 3447 huic
1037 3373 1231 3446 alteri
1282 3373 1469 3469 quasi
1516 3397 1754 3445 novum
1792 3374 1946 3469 quid
1981 3374 2300 3445 allaturus
2342 3382 2543 3470 poeta

330 3481 499 3570 iste,
581 3502 773 3574 quem
834 3475 1202 3549 introduxit
1250 3474 1771 3586 Aristophanes,
1840 3470 1933 3545 τὺ
1998 3471 2079 3547 δὲ
2141 3480 2270 3569 τεᾷ
2325 3473 2544 3573 φρενὶ

331 3576 534 3675 μάθε
566 3571 1017 3674 Πινδάρειον
1047 3576 1238 3663 ἔπος,
1269 3577 1557 3671 satisque
1588 3582 1846 3648 constat
1873 3573 2156 3671 undique
2188 3576 2543 3674 decerpere

334 3681 646 3753 comicum
714 3704 793 3751 ea
855 3680 1085 3776 quibus
1150 3678 1248 3750 uti
1295 3678 1533 3773 possit.
1635 3676 1742 3748 An
1795 3676 1946 3772 quia
1996 3677 2386 3750 scholiastes
2439 3688 2545 3750 te-

333 3776 599 3855 stetur?
691 3781 786 3852 At
833 3783 893 3852 is
942 3788 1199 3877 poetam
1253 3779 1574 3868 eumdem,
1638 3803 1770 3850 non
1818 3778 1989 3848 idem
2044 3802 2304 3851 carmen
2355 3780 2553 3872 dicit,

336 3908 529 3981 quum
582 3883 847 3975 scribit,
912 3879 1040 3954 καὶ
1087 3886 1324 3953 ταῦτα
1374 3877 1575 3976 παρὰ
1639 3877 1734 3952 τὰ
1785 3880 1864 3952 ἐκ
1914 3875 2330 3979 ΙῙινὸάρου.
2433 3881 2543 3953 An

336 3986 489 4082 quia
528 3985 780 4057 numeri
815 3984 1044 4056 sintin
1079 3991 1355 4078 utroque
1390 3981 1756 4078 fragmento
1788 3975 2109 4053 Ae'olici?
2206 3985 2302 4056 At
2338 3984 2544 4054 multa

334 4087 438 4159 his
490 4086 774 4158 numeris
817 4086 1105 4158 carmina
1133 4083 1401 4180 scripsit
1428 4082 1781 4155 Pindarus.
1861 4082 1970 4155 An
2011 4083 2315 4180 deniqne,
2370 4083 2542 4180 quod

505 4323 599 4404 18)
655 4326 805 4386 Haec
856 4346 1011 4404 quum
1054 4326 1170 4383 aliis
1212 4326 1553 4401 argumentis,
1610 4329 1721 4380 tum
1775 4322 1971 4382 scholio
2015 4322 2081 4381 ad
2121 4265 2276 4380 Nem'.
2318 4319 2543 4381 VIle.
2594 4386 2603 4394 ‚

339 4412 581 4471 refutavit
619 4411 932 4482 Boeckhius,
975 4408 1252 4470 ostendens
1289 4408 1570 4467 Hieronem
1613 4408 1912 4496 significari,
1952 4428 2055 4466 non
2097 4407 2288 4463 Iovem.
