3192 4992
649 336 782 405 219
1089 337 1188 398 DE
1230 335 1601 398 AESCHYLI
1642 335 2020 396 TRILOGIIS
2062 334 2375 396 THE-BAN
2376 336 2461 395 IS.

829 603 838 612 l
904 501 1319 680 1}aeeroe
1368 501 1704 600 ἄρουραν
1748 497 2183 597 ἐνηλυσίων-

957 613 1304 681 πελειπεν.

647 760 843 851 Quae
893 758 1000 829 vel
1028 756 1303 828 Adrasti
1351 755 1551 828 verba
1588 778 1737 826 esse
1768 760 2149 849 potuerunt,
2205 752 2335 843 vel,
2389 750 2450 823 si
2488 750 2662 824 idem
2705 750 2879 848 quod

653 860 1001 957 Euripidis
1030 856 1424 955 Supplicum
1475 864 1927 953 argumentum
1961 854 2113 946 fuit,
2165 853 2513 926 Euadnae.
2614 852 2709 926 Et
2749 854 2880 926 hoc

639 963 919 1060 quidem
997 986 1130 1033 nou
1197 959 1456 1030 videtur
1516 957 1804 1029 dubitari
1869 981 2110 1053 posse,
2197 964 2646 1052 argumentum
2707 954 2878 1026 illud

647 1066 871 1161 ipsum
935 1062 1181 1152 fuisse,
1265 1060 1440 1157 quod
1502 1060 1572 1131 in
1623 1057 2056 1156 supplicibus
2120 1057 2429 1129 tractavit
2490 1054 2875 1152 Euripides.

654 1165 823 1238 Nam
876 1165 977 1235 sic
1028 1163 1282 1234 demum
1332 1163 1545 1236 iustus
1585 1161 1782 1234 rebus
1818 1159 2162 1231 Thebanis
2205 1158 2357 1230 finis
2399 1159 2875 1254 imponebatug

657 1269 718 1340 si
767 1266 1143 1364 sepulturae
1193 1263 1614 1343 traderentur
1664 1262 1784 1358 qui·
1824 1262 1946 1332 ino
1992 1260 2062 1334 in
2097 1261 2273 1332 bello
2312 1260 2493 1332 caesi
2528 1267 2716 1331 erant
2745 1261 2913 1330 Ar-'
3042 1265 3065 1312 ’-

658 1369 822 1466 givi.
924 1364 1086 1439 Fuit
1133 1366 1341 1463 igitnr
1389 1365 1510 1436 illa
1558 1364 1784 1437 fabula
1829 1362 2202 1453 Eleusinii,
2269 1361 2351 1433 de
2405 1384 2532 1457 qua
2577 1362 2883 1434 luculen-

658 1480 797 1542 tum
862 1475 1083 1541 exstat
1149 1466 1590 1539 testimonium
1636 1463 2002 1537 Plutarchi
2065 1463 2134 1535 in
2202 1462 2476 1534 Theseu
2541 1488 2691 1559 cap.
2757 1465 2879 1536 29.

646 1568 1062 1666 συνέπραξε
1126 1565 1209 1643 δὲ
1272 1567 1399 1642 καὶ
1448 1562 1834 1661 Ἀδράστῳ
1897 1563 2038 1661 τὴν
2101 1561 2486 1658 ἀναίρεσιν
2532 1570 2691 1637 τῶν
2736 1560 2880 1637 ὑπὸ

656 1679 749 1768 τῇ
802 1668 1144 1766 Καδμείᾳ
1194 1664 1617 1755 πεσόντων,
1683 1666 1861 1761 οὐχ,
1933 1663 2034 1748 ὥς
2083 1662 2490 1763 Εὐριπίδης
2550 1663 2884 1761 ἐποίησεν

658 1775 743 1848 εἶν
790 1769 1201 1872 τραγῳδίᾳ,
1249 1764 1452 1865 μάχῃ
1488 1775 1648 1843 τῶν
1680 1765 2032 1865 Θηβαίων
2071 1763 2465 1865 κρατήσας,
2517 1765 2705 1839 ἀλλὰ
2732 1763 2885 1841 πεί-

662 1896 798 1956 σας
845 1873 972 1948 καὶ
1023 1867 1534 1966 σπεισάμενος·
1605 1868 1801 1944 οὕτω
1863 1866 2011 1969 γὰρ
2079 1869 2149 1941 οἱ
2199 1873 2521 1941 πλεῖστοι
2572 1867 2882 1970 λέγουσι.

659 1974 759 2047 Et
807 1974 1034 2073 paullo
1086 1982 1277 2071 postt
1348 1970 1588 2071 ταφαὶ
1653 1968 1737 2046 δὲ
1786 1977 1945 2045 τῶν
1992 1967 2135 2064 μὲν
2184 1975 2477 2044 πολλῶν
2526 1969 2610 2045 ἒν
2643 1971 2886 2043 Ἐλευ-

658 2079 925 2172 θεραῒς
973 2072 1394 2149 δείκνυνται
1411 2127 1436 2166 ,
1501 2079 1661 2148 τῶν
1711 2070 1794 2146 δὲ
1842 2066 2235 2172 ἡγεμόνων
2282 2069 2447 2169 περὶ
2479 2070 2884 2158 Ἐλευσῖνα,

659 2176 786 2252 καὶ
833 2183 1056 2250 τοῦτο
1102 2175 1394 2273 Θησέως
1440 2170 1829 2273 Ἀδράστῳ
1872 2170 2400 2270 χαρισαμένου.
2506 2197 2886 2270 καταμαρ-

660 2285 970 2375 τυροῦσι
1021 2275 1104 2352 δὲ
1153 2284 1309 2352 τῶν
1359 2274 1773 2375 Εὐριπίδου
1814 2272 2176 2360 Ἱκετίδων
2226 2271 2353 2348 καὶ
2403 2274 2475 2348 οἱ
2511 2271 2887 2370 Αἰσχύλου

645 2376 1115 2468 Ἐλευσίνιοι,
1181 2382 1265 2453 ἐν
1315 2375 1424 2462 οἷς
1471 2384 1714 2453 ταῦτα
1763 2378 1999 2481 λέγων
2063 2375 2105 2450 ὖ
2162 2374 2436 2472 Θησεὺς
2485 2377 2885 2473 πεποίηται.

660 2481 773 2556 Ita
821 2483 988 2555 haec
1038 2481 1406 2553 emendavit
1457 2482 1705 2553 amicus
1748 2505 1958 2572 meus,
2013 2476 2097 2550 G.
2131 2476 2459 2569 Sintenis‚
2510 2476 2663 2567 καὶ,
2715 2478 2887 2576 quod

611 2597 614 2600 ’
664 2590 817 2655 ante
867 2588 1106 2655 ταῦτα
1156 2582 1524 2677 legebatur,
1549 2615 1554 2620 ·
1580 2591 1733 2653 ante
1786 2582 1856 2655 οἱ
1888 2575 2266 2673 Αἰσχύλου
2304 2576 2733 2654 Ἐλευσίνιοι
2778 2605 2888 2652 re-

663 2687 914 2780 posito.
999 2680 1422 2751 Communem
1477 2689 1546 2752 et
1595 2680 1770 2778 apud
1821 2683 2174 2779 plerosque
2218 2681 2615 2754 celebratam
2653 2683 2888 2754 famam

663 2790 982 2879 sequutus
1034 2788 1180 2853 erat
1232 2780 1625 2875 Aeschylus.
1724 2779 2127 2880 Euripides,
2199 2790 2276 2853 ut
2339 2784 2450 2879 qui
2501 2792 2656 2880 post
2702 2785 2889 2855 illum

664 2907 810 2955 eam
858 2906 1000 2953 rem
1048 2880 1121 2953 in
1170 2905 1435 2953 scenam
1485 2882 1789 2975 afferret,
1856 2907 1939 2955 ne
2009 2891 2228 2954 vetera
2275 2892 2580 2982 repetere
2631 2886 2890 2957 videre-

666 2991 803 3077 tur,
856 2984 1130 3055 alteram
1180 3003 1451 3080 eamque
1504 2983 1716 3055 minus
1770 2986 2105 3081 vulgarem
2159 2983 2464 3058 adscivit.

870 3084 1262 3158 Tractatum
1313 3109 1461 3157 esse
1512 3084 1593 3155 ab
1626 3087 1959 3182 Aeschylo
2012 3087 2289 3159 alterum
2342 3111 2598 3185 quoque
2648 3087 2891 3160 bellum

668 3187 1062 3261 Thebanum
1112 3185 1498 3260 documento
1551 3196 1707 3260 sunt
1733 3186 2053 3285 Epigoni.
2157 3186 2350 3277 Quod
2406 3190 2646 3261 bellum
2698 3215 2891 3286 quum

667 3289 1090 3362 Alcmaeonis
1143 3287 1341 3359 ductu
1393 3297 1651 3383 gestum
1703 3293 1828 3382 sit,
1863 3290 2085 3384 ,huius
2133 3289 2312 3361 facta
2363 3292 2527 3363 satis
2579 3293 2890 3364 materiae

666 3391 985 3489 praebere
1038 3389 1247 3461 trihus
1299 3391 1700 3485 traegoediis
1751 3399 2083 3488 poterant.
2185 3388 2440 3463 Verum
2490 3417 2615 3465 nec
2662 3394 2894 3489 prodi-

668 3502 807 3565 tum
858 3491 938 3562 ab
990 3490 1274 3587 antiquis
1326 3498 1453 3581 est,
1508 3515 1673 3586 quae
1723 3492 1984 3565 fabulae
2035 3514 2181 3563 cum
2232 3490 2564 3589 Epigonis
2617 3496 2893 3567 coniun-

670 3602 817 3667 ctae
867 3591 1137 3684 fuerint‚
1192 3600 1261 3664 et
1308 3616 1390 3664 ne
1441 3594 1706 3665 nomina
1755 3595 2014 3690 quidem
2067 3616 2233 3689 quae
2286 3596 2552 3690 cognita
2580 3596 2891 3669 habemus

670 3693 1156 3790 tragoediarum
1205 3692 1458 3789 aliquid
1506 3694 1737 3766 indicii
1787 3696 2129 3793 praebent.
2233 3693 2455 3784 Quare
2495 3706 2895 3794 exspectan-

673 3794 825 3866 dum
874 3796 1096 3892 potius
1147 3795 1357 3868 donec
1404 3794 1562 3890 quid
1612 3797 1802 3869 novis
1845 3797 2128 3894 repertis
2174 3797 2451 3871 testibus
2492 3799 2891 3892 innotescat,

674 3918 867 3992 qnam
915 3897 1101 3971 vanis
1149 3896 1692 3970 hariolationibus
1739 3897 2236 3997 indulgendum.
