3192 4992
633 365 721 432 ss)
1074 368 1174 432 DE
1214 367 1549 436 QUINQUE
1590 367 1963 434 IUDICIBUS
2004 366 2441 430 POETARUM.

491 585 501 610 1
635 535 967 610 concitata
1009 535 1325 607 honestas
1374 541 1444 607 et
1492 534 1805 608 liberales
1855 541 2033 610 artes
2081 534 2467 626 laetissime,
2518 534 2854 630 multoque

634 638 874 710 laetius
924 659 1116 734 quam
1166 636 1340 733 apud
1391 637 1592 708 ullam
1637 637 1833 708 aliam
1876 645 2137 730 gentem
2180 631 2574 707 effloruisse.
2674 634 2859 708 Hinc

635 747 819 811 recte
869 739 1035 812 baec
1083 738 1441 810 certamina
1491 738 1570 808 ab
1626 737 1985 829 Romanis,
2057 737 2169 835 qni
2237 761 2316 809 ea
2380 761 2530 809 sero
2582 744 2651 808 et
2700 761 2861 810 cor-

634 840 851 937 ruptis
899 840 1029 912 iam
1062 839 1352 912 moribus
1380 862 1720 935 recepere,
1773 837 2040 912 Graeca
2081 846 2316 911 vocata
2341 847 2529 911 sunta
2583 837 2859 934 indigna

636 942 897 1016 scilicet
945 941 1167 1013 babita
1217 948 1406 1014 erant
1452 939 1755 1013 Romana
1804 941 2129 1036 gravitate
2178 940 2261 1010 ab
2312 941 2417 1012 bis
2431 991 2455 1029 ,
2524 940 2637 1036 qui
2688 964 2859 1038 qnos

635 1043 1057 1140 contemptim
1109 1041 1303 1114 ludos
1353 1040 1687 1132 dicebant,
1739 1042 2122 1140 spectabant
2171 1041 2573 1142 avidissime.

838 1143 1127 1218 Multum
1176 1143 1257 1215 ab
1307 1143 1414 1216 his
1462 1143 1796 1234 differunt,
1850 1168 2016 1240 quae
2067 1153 2361 1216 nostrum
2401 1167 2631 1215 aevum
2670 1142 2859 1215 novit

633 1245 970 1319 hominum
1016 1245 1457 1318 litteratorum
1507 1246 1889 1318 certamina.
1994 1244 2257 1319 Graeca
2287 1245 2409 1316 illa
2447 1244 2710 1341 publice
2749 1251 2859 1315 at·
2895 1251 2929 1268 '⁸

591 1341 597 1357 '
637 1370 765 1444 que
813 1347 887 1418 in
939 1346 1223 1420 omnium
1274 1354 1633 1442 conspectu
1684 1347 2081 1443 agebantur·
2149 1355 2374 1419 nostra
2421 1345 2589 1418 baec
2623 1345 2694 1418 in
2734 1370 2857 1417 oc·-

637 1449 844 1539 culto,
896 1455 972 1519 ut
1019 1471 1146 1521 nec
1197 1447 1309 1544 qui
1360 1456 1571 1521 certet
1619 1471 1743 1521 nec
1794 1471 2072 1544 quocum
2114 1449 2387 1539 sciatur,
2440 1456 2507 1519 et
2536 1471 2669 1519 non
2712 1454 2857 1519 arte

637 1549 936 1623 certandi
998 1550 1279 1646 aliquis,
1345 1547 1463 1622 sed
1530 1550 1711 1622 velut
1774 1551 1845 1624 111
1911 1551 2198 1622 tenebris
2251 1557 2486 1621 eventu
2551 1548 2859 1644 superior

636 1651 907 1740 evadat3
973 1651 1119 1724 illic
1180 1651 1401 1724 statim
1466 1652 1580 1747 qui
1633 1651 1844 1723 victor
1891 1661 2070 1724 esset
2121 1652 2511 1748 apparebat3
2581 1650 2693 1723 hic
2742 1649 2857 1721 diu

637 1752 1085 1849 exspectanda
1150 1759 1254 1825 est
1321 1751 1612 1834 iudicum
1675 1753 2037 1842 sententia3
2108 1753 2254 1825 illic
2317 1753 2630 1843 victoris,
2702 1749 2859 1848 quia

636 1878 865 1927 omnes
915 1852 1260 1945 videbant,
1315 1863 1498 1927 certa
1546 1855 1866 1945 victoria,
1938 1855 2224 1950 victique
2277 1863 2505 1951 aperta
2553 1852 2852 1940 fortuna3.

631 1955 747 2028 bic
796 1955 970 2028 victo
1021 1955 1353 2052 ignoratio
1404 1956 1476 2027 in
1525 1955 1857 2052 publicum
1900 1964 1967 2027 et
2009 1954 2259 2027 latendi
2305 1956 2412 2027 vel
2445 1953 2697 2027 iudices
2731 1978 2860 2050 op-

630 2057 1032 2155 portunitas,
1085 2057 1320 2130 victori
1373 2064 1588 2129 autem
1640 2056 1957 2130 victoriae
2006 2082 2137 2130 non
2186 2056 2397 2146 maior
2447 2079 2639 2153 quam
2688 2079 2859 2153 quae

632 2159 703 2231 in
750 2157 1041 2232 iudicum
1089 2158 1336 2231 iudicio
1388 2159 1656 2232 fiducia.
1755 2160 1877 2251 At,
1925 2159 2183 2256 inquiat
2232 2157 2405 2253 quis,
2457 2159 2653 2230 etiam
2680 2156 2857 2254 apud

634 2258 940 2333 Graecos
990 2283 1123 2333 non
1187 2268 1639 2356 spectatores,
1705 2261 1818 2334 sed
1872 2260 2126 2334 indices
2173 2260 2577 2332 indicabant.
2677 2257 2857 2330 Pro-

629 2359 848 2435 fecto·
916 2385 1064 2435 esse
1117 2362 1291 2434 enim
1341 2362 1643 2468 debebat,
1698 2363 1810 2460 qui
1858 2363 2221 2482 praemium
2257 2362 2614 2433 tribueret.
2665 2361 2853 2456 isque

632 2463 1104 2561 antiquissimis
1155 2451 1559 2561 temporibus
1608 2465 1727 2537 ille
1779 2472 1961 2556 erat,
2028 2466 2142 2563 qui
2189 2462 2585 2537 instituisset
2637 2471 2855 2535 certa-

584 2569 783 2640 5men
835 2574 902 2637 et
950 2566 1308 2660 praemium
1359 2567 1845 2662 proposuisset,
1896 2577 1970 2639 ut
2020 2566 2195 2663 apud
2218 2564 2581 2639 Homerum
2611 2564 2856 2637 Achil-

628 2667 770 2738 les.
840 2664 959 2739 sed
1009 2667 1201 2737 testis
1250 2665 1483 2737 iudicii
1529 2674 1678 2748 ¹erat
1727 2668 1938 2739 omnis
1990 2691 2237 2739 corona
2268 2666 2729 2763 spectantium,
2780 2669 2853 2734 ut
2905 2751 2911 2764 ,

627 2766 919 2862 iniquius
953 2765 1347 2860 ,posthabito
1397 2790 1530 2837 non
1565 2765 1873 2838 deessent
1902 2766 2308 2840 defensores.
2411 2767 2852 2858 Quemadmo-

629 2867 782 2942 dum
830 2865 1134 2940 Achilles
1198 2865 1370 2961 apud
1420 2865 1845 2960 Homerum,
1889 2869 1990 2941 sic
2038 2866 2389 2965 Olympiae
2436 2868 2738 2965 Iphitus,
2809 2887 2852 2936 a

513 3041 520 3048 ,
631 2990 761 3065 quo
812 2966 954 3039 ludi
1001 2967 1107 3038 illi
1156 2968 1442 3040 instituti
1490 2967 1831 3060 feruntur,
1902 2970 2084 3043 solus
2136 2969 2360 3043 officio
2411 2968 2653 3041 iudicis
2696 2967 2850 3039 fun-

630 3077 778 3143 ctus
830 3075 960 3160 est,
1011 3070 1377 3165 mansitque
1426 3070 1488 3141 is
1537 3095 1682 3142 mos
1735 3070 1907 3166 apud
1938 3095 2357 3146 successores
2387 3067 2642 3162 Oxyli·
2709 3093 2850 3140 am-

627 3170 928 3268 plificata
977 3178 1193 3244 autem
1242 3172 1364 3243 illa
1428 3170 1844 3244 solemnitate
1897 3182 2129 3254 auctus
2179 3148 2520 3267 paullatim
2571 3177 2675 3243 est
2721 3194 2850 3241 nn-

627 3296 848 3346 merus
896 3271 1209 3363 indicum,
1269 3271 1389 3345 sed
1438 3280 1655 3344 tamen
1706 3281 1781 3345 ut
1829 3274 2204 3348 variaverit.
2305 3269 2477 3344 Nam
2528 3272 2849 3369 quinqua-

625 3375 879 3470 gesima
929 3367 1367 3470 Olympiade,
1445 3381 1521 3447 ut
1583 3374 1793 3448 refert
1853 3374 2217 3447 Pausanias
2280 3371 2376 3444 V.
2429 3376 2505 3468 9,
2554 3378 2608 3448 4
2637 3417 2743 3428 -
2770 3375 2846 3450 6.

627 3475 758 3549 duo
823 3499 914 3547 ex
959 3473 1154 3550 Eleis
1206 3475 1405 3549 electi
1457 3484 1624 3548 sunt
1671 3474 2189 3549 Hellanodicae·
2258 3474 2467 3571 idque
2530 3475 2671 3547 fere
2726 3475 2847 3547 ob·-

624 3585 950 3650 servatum
1001 3601 1209 3673 usque
1260 3577 1345 3650 ad
1395 3575 1669 3675 Olymp.
1717 3573 1962 3649 LXV.
2014 3576 2122 3647 vel
2170 3571 2406 3650 XCV.
2459 3578 2638 3672 (nam
2691 3601 2846 3648 cor-

623 3687 859 3775 ruptus
910 3686 1015 3750 est
1063 3677 1238 3775 apud
1287 3677 1685 3762 Pausaniam
1734 3683 2075 3774 numerus)
2130 3702 2259 3774 qua
2308 3703 2538 3751 novem
2591 3679 2845 3752 consti-

624 3781 754 3852 tuti
785 3787 964 3871 sunt,
1017 3803 1295 3878 quornm
1327 3787 1467 3854 tres
1505 3777 1841 3872 equestria
1882 3780 2263 3872 certamina,
2314 3789 2452 3853 tres
2486 3780 2844 3877 quinquer-

481 3877 486 3884 ’
621 3881 785 3954 tium
799 3930 826 3972 ,
876 3888 1016 3959 tres
1066 3890 1331 3955 caetera
1378 3885 1710 3949 curarent.
1810 3877 1987 3951 Mox
2037 3881 2247 3956 altera
2294 3882 2376 3953 ab
2427 3883 2554 3955 hac
2603 3880 2843 3977 Olym‘-

565 4048 569 4053 .
620 3981 818 4081 piade
867 3981 1187 4055 decimum
1253 3976 1408 4049 addi
1467 3979 1760 4075 placuit.
1839 3981 2038 4053 tertia
2098 3990 2316 4056 autem
2366 3992 2435 4057 et
2486 3985 2842 4058 centesima
2963 4056 2969 4064 ,

523 4153 530 4174 ,
622 4082 964 4176 tredecim,
1016 4106 1103 4156 ex
1144 4079 1427 4175 singulis
1459 4080 1757 4153 tribubus
1786 4081 2059 4178 singuli,
2111 4082 2388 4173 delecti3
2452 4084 2598 4177 sed,
2649 4094 2839 4182 parte

569 4208 577 4215 ·
622 4185 893 4259 ditionis
940 4181 1023 4252 ab
1072 4179 1442 4256 Arcadibus
1495 4190 1763 4279 erepta,
1816 4207 2015 4279 quum
2067 4194 2217 4258 octo
2267 4137 2476 4259 tribus
2528 4211 2840 4284 superes-
2930 4229 2935 4236 ·

621 4295 794 4375 sent,
844 4305 887 4354 a
935 4289 1169 4379 quarta
1216 4290 1285 4355 et
1334 4283 1693 4357 centesima
1742 4282 2135 4382 Olympiade
2188 4296 2339 4361 octo
2376 4287 2639 4360 fuerunt
2665 4288 2839 4362 Hel-

619 4384 1001 4457 lanodicae·
978 4434 1002 4473 ‚
1072 4390 1306 4458 octava
1366 4392 1585 4459 autem
1646 4394 1803 4484 post
1863 4388 2281 4490 centesimam
2345 4414 2493 4465 cum
2553 4391 2833 4463 tribuum
