3192 4992
861 385 886 400 κ
922 382 1028 448 ns
1066 347 1360 448 orricio
1401 383 1918 451 mmrmms.
2005 421 2013 438 ·
2362 349 2365 356 ’
2436 385 2529 457 ω

320 548 551 624 sidium
599 549 882 624 habeant
895 601 922 645 ,
974 553 1083 625 vel
1132 552 1386 625 animos
1437 553 1988 651 contemplatione
2035 552 2525 650 praeclarorum

319 653 765 749 exemplorum
815 654 1150 727 oblectent
1197 663 1393 751 atque
1444 657 1783 746 excolant,
1834 677 1966 728 non
2003 655 2217 726 solum
2247 656 2527 751 potissi·-

315 777 457 825 mns
505 761 701 849 atque
748 756 1157 848 uberrimus,
1223 756 1341 827 sed
1390 756 1858 854 propemodum
1908 756 2138 828 uniens
2188 755 2376 849 fons,
2427 780 2518 830 ex

316 878 441 951 quo
492 855 756 928 illarum
805 879 1025 929 rerum
1076 859 1521 962 cognitionem
1574 855 1916 950 hauriant,
1981 858 2052 930 in
2103 856 2371 953 scriptis
2422 866 2526 930 est

311 956 725 1051 antiquorum
773 959 1181 1057 propositus.
1284 958 1474 1032 Haec
1524 960 1695 1031 enim
1749 983 1835 1030 ex
1888 957 2062 1036 omui
2094 981 2340 1054 genere
2380 965 2528 1031 mofl-

310 1065 789 1152 numentorum,
863 1084 1029 1157 quae
1080 1086 1212 1132 non
1265 1061 1579 1157 temporis
1630 1059 2056 1149 diuturnitate
2105 1060 2525 1153 interierunt,

308 1179 442 1231 non
494 1159 688 1234 modo
752 1170 820 1234 et
883 1185 1154 1234 numero
1217 1163 1501 1260 plurima
1564 1170 1718 1234 sunt
1779 1170 1849 1233 et
1894 1160 2275 1257 integritate
2326 1185 2526 1257 prae-

308 1266 512 1351 stant,
564 1283 785 1334 verum
838 1264 1031 1335 etiam
1085 1263 1231 1335 sola
1278 1265 1670 1362 loquuntur,
1725 1262 2186 1357 declarantque
2236 1271 2555 1355 caetera,

307 1383 479 1457 qnae
540 1362 684 1435 sine
746 1365 832 1436 iis
899 1364 1040 1435 fere
1110 1385 1308 1438 caeca
1369 1372 1523 1437 sunt
1584 1373 1779 1461 atque
1844 1361 2122 1439 inutilia.
2222 1360 2341 1434 Ex
2393 1387 2523 1460 quo
2658 1440 2669 1450 ,

306 1470 608 1558 apertum
659 1474 787 1557 est,
840 1466 1190 1538 lectionem
1241 1474 1434 1562 atque
1483 1466 1985 1562 intelligentiam
2038 1487 2302 1556 eorum,
2355 1487 2523 1560 quae

304 1564 560 1660 scripta
610 1565 692 1636 ab
745 1567 1030 1662 antiquis
1076 1567 1411 1659 habemus,
1464 1567 1947 1639 fundamentum
1999 1589 2146 1638 esse
2177 1567 2522 1638 universae

304 1666 766 1761 antiquitatum
819 1668 1155 1741 scientiae.
1259 1666 1704 1766 Consequitur
1752 1690 1943 1765 ergo,
1996 1675 2070 1738 ut
2117 1667 2239 1738 illa
2273 1667 2523 1764 scripta

303 1767 648 1862 explicare
698 1778 893 1865 atque
940 1769 1365 1867 interpretari
1412 1770 1481 1841 id
1534 1772 1650 1862 sit,
1694 1769 1772 1841 in
1824 1793 1951 1865 quo
1987 1765 2341 1866 praecipue
2378 1770 2523 1840 ela-

302 1866 545 1939 horare
587 1877 900 1965 ‚oporteat
964 1891 1117 1963 eos,
1192 1872 1302 1968 qui
1365 1880 1547 1944 recte
1617 1893 2019 1968 cognoscere
2071 1869 2523 1966 antiquitatem

301 1968 660 2041 voluerint.
758 1970 845 2044 In
895 1994 1022 2068 quo
1072 1973 1316 2045 multos
1368 1996 1589 2045 errare
1635 1973 2228 2063 animadvertimus,
2283 1972 2396 2067 qui
2422 1972 2523 2043 le-

297 2068 477 2141 viter
540 2079 609 2143 et
654 2095 787 2145 non
849 2075 1114 2170 penitus
1166 2072 1451 2171 cognitis
1513 2083 1806 2148 veterum
1834 2115 1837 2122 ·
1869 2074 2115 2170 linguis
2180 2067 2344 2144 satis
2395 2071 2523 2143 du·-

298 2177 500 2263 cunt,
568 2172 627 2245 si
690 2175 1079 2248 sententiam
1143 2177 1538 2273 scriptorum
1604 2174 2077 2275 quodammodo
2141 2173 2521 2271 intelligere

296 2272 424 2343 sibi
479 2272 847 2347 videantur.
962 2275 1133 2349 Nam
1199 2299 1395 2372 quum
1445 2279 1706 2350 omnino
1772 2275 1945 2348 haud
1992 2275 2191 2347 facile
2242 2275 2370 2367 sit,
2449 2276 2519 2347 iu

291 2371 565 2471 linguas
615 2375 858 2448 dudum
909 2386 1278 2468 emortuas,
1345 2400 1511 2474 quae
1573 2401 1706 2450 non
1756 2398 1882 2448 usu
1933 2376 2312 2472 quotidiano
2361 2377 2568 2471 per-5

293 2473 467 2551 disci
518 2486 837 2574 possunt,
888 2479 985 2549 ita
1034 2500 1106 2550 se
1155 2479 1528 2571 insinuare,
1592 2465 1670 2551 nt
1718 2477 2127 2574 singulorum
2177 2476 2519 2549 verborum

290 2583 361 2649 et
415 2576 688 2651 dicendi
750 2601 1061 2675 generum
1127 2581 1447 2652 rationem
1512 2603 1591 2652 ae
1653 2586 2046 2678 potestatem
2111 2577 2317 2674 plane
2357 2601 2521 2674 per-

289 2686 596 2776 spectam
646 2679 1021 2772 habeamus,
1072 2689 1206 2753 tum
1243 2682 1448 2754 multa
1482 2682 1555 2753 in
1583 2681 1853 2778 scriptis
1886 2680 2519 2776 antiquorumxmen-

290 2779 456 2852 dosa
509 2780 706 2872 sunt,
780 2804 946 2878 quae
1011 2783 1071 2854 si
1136 2783 1283 2879 quis
1348 2796 1462 2856 aut
1521 2805 1655 2856 non
1726 2781 1942 2854 videat
2006 2789 2318 2877 corrupta
2366 2803 2514 2852 esse

211 2883 216 2894 '
288 2890 404 2953 aut
455 2883 811 2956 emendare
859 2883 1136 2975 nesciat,
1189 2907 1392 2982 saepe
1439 2884 1696 2957 accidat
1744 2905 2015 2956 necesse
2068 2889 2210 2973 est,
2280 2889 2356 2953 ut
2405 2881 2517 2954 vel

217 3047 224 3051 .
288 2983 472 3055 aliud
528 2985 641 3056 vel
691 2984 886 3056 etiam
938 2987 1332 3058 contrarium
1373 2986 1514 3058 eius
1563 2986 1734 3082 quod
1782 2985 1889 3056 illi
1921 2983 2283 3079 scriptores
2319 2981 2517 3054 dixe-

287 3094 466 3177 runt,
527 3086 776 3158 dictum
824 3086 905 3158 ab
954 3087 1040 3158 iis
1092 3105 1238 3158 esse
1290 3086 1619 3160 credatur.
1722 3086 1872 3178 Quo
1907 3085 2054 3156 fieri
2090 3107 2222 3155 nou
2259 3091 2508 3181 potest,

288 3188 448 3283 quin
503 3211 700 3284 quum
755 3187 1018 3260 omnino
1050 3188 1258 3260 falsas
1299 3212 1669 3286 pravaeque
1706 3187 2049 3285 opiniones
2094 3184 2311 3257 animo
2347 3209 2513 3257 con·-

287 3288 666 3386 eipiautur,
739 3297 916 3381 tum,
969 3290 1029 3362 si
1079 3312 1167 3361 ex
1215 3291 1385 3361 male
1433 3290 1792 3362 intellectis
1840 3288 2058 3361 verbis
2108 3286 2215 3356 vel
2267 3285 2350 3356 ad
2400 3310 2510 3359 res

284 3388 651 3464 historicas
714 3392 821 3462 vel
890 3390 974 3461 ad
1038 3413 1502 3487 quamcumque
1554 3393 1747 3463 aliam
1798 3387 2205 3484 antiquitatis
2255 3394 2509 3483 partem

286 3492 755 3590 explicandam
805 3493 1180 3564 testimonia
1231 3501 1425 3589 atque
1477 3500 1860 3589 argumenta
1905 3496 2239 3586 petantur,
2287 3488 2509 3559 inania

286 3602 665 3666 commenta
714 3592 1140 3689 proveniant,
1213 3594 1445 3690 quibus
1497 3596 1609 3690 qui
1657 3593 1851 3665 fidem
1900 3591 2176 3682 habeat,
2244 3589 2324 3660 ab
2373 3613 2505 3662 uno

285 3694 372 3767 ad
424 3696 633 3767 alium
682 3694 992 3791 deinceps
1044 3719 1334 3767 errorem
1385 3696 1765 3768 abducatur.
1866 3693 2059 3785 Quod
2113 3693 2172 3762 si
2219 3690 2386 3762 illud
2418 3689 2506 3763 'in

287 3799 420 3892 qu'o
473 3798 819 3869 elaborare
871 3795 1172 3887 debeant,
1224 3798 1336 3894 qui
1385 3821 1460 3869 se
1507 3793 1886 3894 philologos
1936 3793 2213 3865 evadere
2250 3793 2503 3883 volunt,

282 3899 708 3995 potissimum
734 3899 1276 3995 interpretatione
1308 3906 1502 3995 atque
1536 3897 1988 3970 emendatione
2015 3904 2303 3982 veterum
2333 3896 2505 3965 scri-

283 4007 559 4097 ptorum
608 4002 1004 4092 continetur,
1053 4000 1152 4071 ita
1199 4000 1387 4073 nobis
1437 4000 1603 4073 haec
1651 3995 1918 4095 negotia
1968 3997 2111 4068 visa
2159 4006 2312 4067 sunt
2362 3995 2504 4066 dis·

282 4101 639 4174 tribuenda
663 4093 862 4195 'esse,
913 4109 988 4175 ut
1015 4099 1342 4194 Societati
1377 4100 1680 4175 Graecae
1717 4100 1985 4172 criticae
2037 4097 2199 4169 artis
2248 4097 2319 4168 in
2359 4096 2502 4193 pri-

281 4202 413 4278 mis
466 4204 952 4297 tractationem,
1002 4203 1075 4275 in
1127 4226 1255 4300 quo
1306 4226 1550 4299 genere
1603 4225 1863 4300 semper
1913 4201 2053 4272 eius
2106 4196 2324 4271 studia
2351 4221 2501 4268 ver-

281 4311 438 4380 sata
487 4313 666 4396 sunt,
717 4306 1261 4403 relinqueremus,
1310 4304 1916 4400 interpretationem
1948 4313 2188 4391 autem,
2242 4297 2499 4371 delecto

278 4405 517 4502 aliquo
569 4408 890 4507 scriptore
903 4458 932 4503 ,
996 4407 1071 4479 in
1133 4431 1266 4505 qno
1328 4405 1574 4504 singuli
1636 4404 1947 4502 deinceps
2008 4397 2499 4496 interpretando
