3192 4992
594 319 725 390 ἧς
1321 325 1326 339 ·
1396 317 1512 380 na
1574 279 2032 379 inm-m.

594 516 741 571 τος.
842 483 1045 558 Patet
1092 484 1260 558 haec
1309 483 1485 582 apud
1517 482 1932 581 Hesperides
1982 482 2096 580 agi
2146 482 2218 554 iu
2268 482 2416 554 solo
2469 488 2721 573 terrae,
2769 487 2839 556 et

596 598 817 663 tamen
878 597 1123 660 terram
1186 587 1514 659 sustinere
1581 586 1826 658 dicitur
1888 585 2115 657 Atlas.
2225 583 2419 656 Idem
2470 582 2840 656 Pausanias

597 715 814 764 arcam
870 688 1142 785 Cypseli
1196 688 1574 761 describens
1626 686 1727 759 V.
1783 690 1906 779 18,
1960 688 2038 760 4.
2082 684 2349 768 ’Ἄτλας
2397 680 2481 758 δὲ
2530 682 2651 756 ἐπὶ
2697 681 2842 778 μὲν

596 799 754 867 τῶν
804 791 1037 885 ὤμων
1084 787 1276 864 κατὰ
1325 786 1421 861 τὰ
1470 785 1836 889 λεγόμενα
1887 782 2218 885 οὐρανόν
2279 815 2359 859 τε
2412 785 2651 879 ἀνέχει
2710 783 2843 858 καὶ

596 900 766 995 γῆν,
820 890 1025 988 φέρει
1074 888 1157 963 δὲ
1206 888 1334 966 καὶ
1383 888 1478 963 τὰ
1523 887 1979 986 Ἑσπερίδων
2012 894 2249 985 μῆλα·
2306 886 2495 970 ὅςτις
2523 885 2609 961 δέ
2634 889 2842 960 ἐστιν

598 994 641 1069 ὅ
693 993 883 1089 ἀνὴρ
938 991 977 1065 ὃ
1030 991 1224 1086 ἔχων
1272 989 1359 1065 τὸ
1411 988 1625 1088 ξίφος
1688 989 1818 1065 καὶ
1881 992 2000 1066 ἐπὶ
2046 989 2183 1064 τὸν
2219 989 2582 1065 Ἄτλαντα
2628 983 2840 1083 ἐρχός·

596 1121 856 1192 μενος,
907 1091 1067 1189 ἰδίᾳ
1117 1089 1257 1186 μὲν
1306 1092 1420 1166 ἐπ’
1481 1090 1725 1168 αὐτοῦ
1775 1092 2289 1193 γεγραμμένον
2338 1087 2557 1163 ἐστὶν
2591 1087 2835 1175 οὐδέν,

497 1243 500 1244 ⁷
595 1196 787 1292 δῆλα
838 1191 921 1268 δὲ
964 1195 1036 1277 ἐς
1073 1193 1411 1277 ἅπαντας
1447 1192 1818 1292 Ἡρακλέα
1867 1192 2086 1269 εἶναι·
2153 1191 2562 1294 γέγραπται
2596 1187 2677 1264 δὲ
2712 1188 2837 1263 καὶ

594 1297 714 1376 ἐπὶ
762 1292 1081 1377 τούτοις
2082 1356 2087 1362 .

609 1427 628 1496 ²,
780 1413 1044 1508 ’Ἀτλας
1090 1410 1167 1486 δ’
1205 1409 1535 1511 οὐρανὸν
1566 1404 1784 1495 οὗτος
1813 1412 1983 1508 ἔχει,
2026 1406 2122 1483 τὰ
2155 1407 2237 1483 δὲ
2266 1415 2472 1504 μᾶλα
2499 1404 2838 1504 μεθήσει.

535 1525 542 1530 ’
595 1531 788 1603 Haec
836 1556 968 1603 nou
1022 1531 1165 1603 sine
1208 1555 1453 1620 'caussa
1504 1529 1926 1603 adverterant
1957 1527 2426 1618 Letronnium,
2483 1527 2659 1624 quod
2708 1552 2841 1598 nou

600 1634 743 1704 veri
792 1633 1008 1704 simile
1061 1632 1438 1724 videretur,
1508 1641 1585 1702 ut
1633 1630 2006 1704 Pausanias
2070 1639 2206 1702 tam
2272 1630 2517 1701 diserte
2585 1629 2841 1700 caelum

505 1735 598 1806 17
603 1744 670 1805 et
716 1744 961 1807 terram
1011 1735 1453 1824 nominasset,
1524 1733 1659 1804 nisi
1710 1756 2103 1831 expressum
2168 1729 2446 1808 vidisset
2493 1737 2840 1827 utrumque

447 1898 455 1908 .
597 1837 668 1907 in
735 1835 1045 1931 operibus
1116 1836 1282 1907 illis.
1403 1833 1644 1930 Itaque
1715 1837 2028 1907 sollerter
2098 1832 2360 1929 quidem
2427 1830 2841 1904 Letronnius

599 1935 961 2032 symbolica
1012 1936 1291 2033 quadam
1340 1937 1603 2009 ratione
1651 1944 1900 2008 terram
1952 1935 2147 2006 simul
2200 1958 2349 2006 cum
2396 1934 2585 2006 caelo
2628 1932 2843 2029 sigui-

598 2038 860 2109 ficatam
915 2037 1328 2109 coniecerat:
1395 2039 1549 2129 etsi,
1605 2062 1797 2133 qnam
1830 2036 2101 2134 putabat
2139 2036 2513 2108 huiusmodi
2552 2034 2841 2132 effigiem

599 2162 776 2229 esse,
830 2139 894 2209 ei
943 2147 1179 2235 postea
1230 2146 1459 2236 erepta
1511 2147 1639 2212 est.
1745 2139 1981 2235 Neque
2038 2159 2191 2209 vero
2230 2138 2492 2209 omnino
2539 2136 2841 2210 credide·
2952 2133 2963 2142 '

596 2241 751 2331 rim,
804 2239 864 2310 si
916 2240 1063 2336 quis
1115 2264 1239 2337 per
1288 2243 1482 2339 signa
1531 2243 1788 2314 caelum
1849 2249 1918 2312 et
1965 2246 2209 2311 terram
2259 2239 2535 2335 pingere
2591 2237 2842 2311 voluis-

599 2350 729 2433 set,
781 2340 952 2414 disci
1004 2365 1151 2413 eum
1202 2341 1520 2439 figuram,
1576 2345 1692 2415 cui
1746 2341 2294 2438 hemisphaerium
2346 2340 2517 2412 caeli
2565 2339 2842 2436 imposi-

600 2453 736 2515 tum
788 2451 991 2533 esset,
1044 2445 1369 2540 pinxisse.
1474 2441 1620 2517 Sed
1676 2445 1847 2517 hanc
1898 2443 2373 2539 qaaestionem,
2428 2440 2509 2513 de
2560 2464 2689 2538 qua
2739 2445 2842 2513 est

601 2544 683 2616 ab
733 2544 1069 2616 Rochetto
1124 2545 1394 2636 dictum,
1447 2541 1719 2618 missam
1768 2546 1970 2637 facio,
2023 2569 2107 2616 ne
2156 2544 2422 2640 longius
2475 2568 2668 2639 quam
2717 2567 2839 2639 pro

600 2647 798 2716 huius
837 2645 1228 2740 scriptionis
1283 2645 1566 2717 consilio
1624 2647 1986 2742 digrediar.
2088 2645 2409 2718 Rochetti
2459 2645 2541 2715 de
2586 2643 2840 2715 Pausa·

602 2747 753 2816 niae
803 2744 973 2817 locis
1028 2746 1355 2828 sententia
1398 2754 1554 2837 est,
1638 2769 1830 2843 quam
1880 2747 2106 2843 posuit
2166 2771 2238 2843 p.
2289 2748 2397 2838 9.,
2462 2769 2594 2818 non
2649 2746 2838 2817 nimis

604 2845 804 2916 verba
855 2868 1006 2916 esse
1053 2846 1449 2941 premenda,
1505 2848 1683 2944 quod
1735 2872 1930 2943 quum
1980 2848 2097 2920 ille
2151 2845 2477 2944 οὐρανὸν
2524 2844 2652 2920 καὶ
2700 2852 2841 2948 γῆν

605 2946 892 3038 dixerit,
957 2969 1360 3021 communem
1426 2971 1621 3021 usum
1672 2958 1987 3046 sequutus
2040 2948 2344 3023 mundum
2398 2949 2687 3022 voluerit
2734 2949 2842 3019 iu-

603 3048 850 3143 telligi.
977 3047 1134 3120 Non
1209 3049 1468 3123 infitior
1531 3052 1905 3148 speciosum
1982 3053 2111 3125 hoc
2176 3076 2365 3143 esse,
2450 3050 2840 3148 praesertim

608 3171 804 3246 quum
872 3149 984 3246 qui
1047 3150 1118 3222 iu
1188 3175 1345 3223 arca
1397 3151 1683 3250 Cypseli·
1738 3153 2111 3252 adscriptus
2176 3178 2406 3225 versus
2478 3162 2582 3225 est
2631 3153 2839 3224 solius

609 3252 780 3324 caeli
830 3252 1225 3323 mentionem
1276 3253 1506 3326 faciat.
1611 3251 1755 3327 Sed
1806 3261 2048 3346 tamen,
2100 3256 2233 3330 nisi
2284 3254 2511 3347 fallor,
2564 3255 2696 3325 alia
2728 3277 2843 3324 ra-

359 3373 370 3384 ’
457 3389 468 3402 1
609 3354 704 3425 tio
755 3353 1039 3428 inveniri
1086 3353 1346 3450 potest,
1418 3379 1546 3452 qua
1612 3364 1680 3427 et
1729 3353 2103 3428 Letronnio
2171 3363 2240 3428 et
2287 3355 2623 3428 Rochetto
2677 3355 2840 3426 satis

608 3455 752 3526 fiat.
854 3452 1024 3525 Nam
1076 3455 1135 3526 si
1183 3479 1311 3529 nee
1366 3457 1502 3528 veri
1554 3457 1769 3529 simile
1822 3465 1924 3529 est
1988 3465 2063 3528 ut
2111 3461 2354 3529 terram
2407 3456 2841 3530 nominaverit

610 3555 1004 3648 Pausanias,
1055 3557 1186 3630 nisi
1235 3557 1610 3655 significata
1662 3558 1883 3655 aliquo
1925 3559 2121 3631 modo
2162 3559 2229 3632 in
2274 3559 2534 3655 pictura
2575 3558 2837 3649 fuisset,

610 3681 737 3738 uec
788 3656 970 3728 credi
1035 3664 1260 3753 potest
1306 3659 1487 3731 aliud
1550 3658 1709 3756 quid
1771 3682 1967 3755 quam
2014 3660 2197 3755 globi
2247 3660 2526 3756 figuram
2577 3660 2658 3734 ab
2709 3658 2840 3731 At-

612 3760 794 3829 lante
842 3757 1182 3852 sustiueri,
1235 3761 1655 3857 relinquitur,
1709 3769 1780 3832 ut
1819 3759 2169 3832 Panaenus
2219 3761 2337 3833 ille
2389 3787 2520 3834 non
2571 3762 2838 3851 globum

604 3859 995 3952 caelestem,
1050 3859 1167 3931 sed
1218 3862 1566 3958 sphaeram
1617 3861 1947 3959 pinxerit,
1998 3862 2280 3960 ideoque
2332 3865 2530 3936 etiam
2579 3851 2839 3935 Pausa-

616 3960 800 4064 nias,
873 3961 1177 4056 quoniam
1241 3963 1522 4058 sphaera
1581 3987 1729 4035 cum
1780 3964 1967 4036 caelo
2018 3972 2260 4037 terram
2312 3986 2569 4063 quoque
2621 3965 2837 4053 eonti-

619 4068 782 4160 net,
809 4068 991 4133 recte
1040 4069 1384 4161 utrumque
1434 4089 1670 4140 nomen
1719 4067 2043 4163 posuerit.
2077 4066 2139 4166 ⁷)
2240 4067 2461 4139 Aliter
2508 4067 2725 4139 senfin
2755 4066 2834 4138 de

633 4303 640 4324 .
795 4243 879 4347 7).
906 4266 1162 4344 Exempla
1200 4275 1614 4331 commemoravit
1656 4273 1665 4278 ’
1754 4315 1755 4318 ¹
1890 4291 1956 4331 us
2008 4273 2065 4332 in
2113 4273 2208 4331 illa
2248 4294 2400 4349 quam
2443 4273 2553 4333 dixi
2595 4243 2835 4332 disserta·

624 4357 763 4411 tione
803 4372 855 4429 p.
899 4350 1001 4411 36.
1043 4372 1152 4429 seq.
1208 4442 1214 4448 .
1722 4365 1726 4372 '
2396 4353 2411 4394 ¹,
