3192 4992
610 371 735 441 182
962 375 1063 435 ΒΕ
1106 370 1420 446 DUABUS
1445 369 2087 431 INSCRIPTIONOEUS
2116 366 2469 429 GRAECIS.

585 543 773 617 teris
838 540 1185 613 terminato
1251 530 1511 608 nomine
1555 536 1948 654 ‘appellatus
2012 535 2139 608 fnit
2199 536 2319 608 ille
2369 533 2583 608 vietor
2600 586 2624 626 ,
2700 537 2838 607 tale

612 645 835 733 fuerit,
890 643 1082 738 quale
1133 661 1335 734 supra
1382 638 1760 733 posuimus,
1814 637 1920 709 vel
1971 637 2100 710 boo
2150 644 2533 733 argumento
2583 636 2841 708 iutelli-

612 748 816 842 gitur,
871 765 1202 840 perpauca
1249 741 1321 810 iu
1372 739 1688 810 extremis
1719 740 2016 835 partibus
2046 763 2350 810 versuum
2387 761 2533 809 esse
2568 738 2840 812 detrita.

612 846 1052 943 Apertissime
1118 866 1275 913 vero
1339 840 1408 911 id
1461 840 1887 914 confirmatur
1948 841 2148 913 tertio
2202 846 2562 936 quartoque
2613 863 2838 930 versu,

615 971 887 1045 quorum
938 947 1007 1017 in
1059 944 1301 1042 prioris
1354 941 1485 1013 fine
1538 942 1713 1037 quod
1765 942 1951 1014 deest
2001 942 2496 1060 12,sequitur
2544 941 2611 1012 in
2642 942 2838 1013 initio

616 1050 914 1138 alterius,
966 1048 1063 1118 ita
1112 1054 1186 1115 ut
1236 1053 1536 1140 quartum
1587 1067 1848 1115 versum
1899 1045 2264 1117 certissime
2299 1044 2629 1138 integrum
2661 1066 2836 1135 esse,

616 1152 910 1247 quintum
957 1147 1171 1219 videri
1221 1146 1456 1217 saltem
1505 1146 1835 1241 integrum
1887 1155 2226 1242 appareat.
2328 1143 2524 1220 Nune
2572 1154 2841 1240 praeter

616 1276 733 1342 ea,
810 1273 998 1346 qnae
1028 1249 1098 1319 in
1149 1247 1419 1318 secundi
1479 1270 1708 1319 versus
1773 1246 1902 1318 fine
1969 1256 2038 1322 et
2101 1246 2283 1318 tertii
2332 1246 2524 1318 initio
2577 1245 2839 1337 desunt,

618 1353 745 1424 duo
798 1360 1049 1424 tantum
1098 1356 1351 1420 restant
1403 1348 1634 1437 verba,
1690 1371 1854 1444 qnae
1907 1349 2059 1444 quia
2110 1348 2431 1443 explicari
2483 1357 2839 1441 nequeunt,

614 1478 749 1529 non
816 1461 997 1523 reete
1052 1450 1384 1546 descripta
1447 1473 1595 1520 esse
1646 1473 1917 1521 neeesse
1971 1458 2111 1540 est,
2191 1450 2532 1522 ΕΙΟΠΣ
2573 1449 2725 1519 dico
2775 1456 2844 1521 et

618 1555 1047 1628 HAPION.
1148 1550 1340 1623 Haeo
1406 1551 1465 1621 si
1532 1551 1865 1621 emendari
1921 1552 2063 1622 sine
2115 1549 2422 1622 violentis
2472 1550 2844 1622 litterarum

620 1680 781 1752 quas
834 1656 1143 1726 habemus
1193 1651 1661 1723 mutationibus
1712 1661 2031 1748 possunt,
2116 1660 2377 1723 caetera
2443 1660 2679 1746 sponte
2730 1675 2847 1723 se-

620 1766 923 1854 quentur.
1005 1755 1212 1850 Atqui
1246 1757 1591 1827 ΕΙΟΠΣ
1618 1775 1808 1849 quam
1838 1753 2034 1825 facile
2069 1753 2208 1848 legi
2239 1777 2360 1849 pro
2399 1754 2843 1843 ΕΙΘΕΟΙΣ,

622 1860 1034 1931 ΠΛΡΙΟΝ
1075 1866 1288 1926 autem
1338 1878 1462 1950 pro
1517 1857 1960 1930 ΠΑΝΤΟΝ
2001 1856 2316 1950 potuerit,
2369 1854 2554 1949 ipsae
2581 1855 2846 1926 littera-

515 2023 523 2040 ,
618 1985 761 2031 rum
826 1959 1075 2031 formae
1141 1964 1530 2028 monstrant.
1655 1954 2032 2052 Supersunt
2081 1960 2164 2032 K
2198 1958 2708 2043 ΑΡΙΣΤΟΝ,
2774 1956 2846 2027 in

622 2086 750 2154 quo
817 2085 944 2133 non
1013 2060 1224 2146 minus
1292 2057 1489 2129 facile
1540 2059 2151 2132 ΚΑΡΤΙΣΤΟΝ
2211 2057 2611 2158 deprehendi
2658 2058 2847 2129 lieet.

619 2162 801 2235 Hine
864 2162 1267 2258 epigramma
1331 2158 1660 2232 efficietur
1729 2159 2327 2257 elegantissimum,
2405 2159 2699 2231 versibus
2762 2158 2847 2231 ad

620 2266 792 2340 hune
841 2262 1103 2335 modum
1152 2262 1514 2334 restitutis.

860 2407 1262 2488 Ἱπποκόων
1314 2409 1631 2508 ἀνέθηκε
1681 2406 1854 2485 τάδ’
1913 2439 2146 2500 εντεα,
2197 2406 2405 2507 ἰσχύϊ
2448 2406 2697 2508 λωβης

864 2514 1097 2640 χωρὶς
1144 2517 1225 2589 ἐν
1271 2512 1577 2638 ἠΐθεοις
1603 2517 1757 2596 τοῖς
1807 2510 2193 2608 ὃαμοσίοις
2239 2516 2321 2587 ἐν
2370 2511 2735 2596 ἀέθλοις

871 2611 1166 2711 τετράκι
1214 2622 1304 2709 τῇ
1343 2615 1424 2688 ’κ
1472 2609 1781 2689 πάντων
1807 2611 1972 2710 νίκῃ
2001 2615 2389 2713 κάρτιστος
2419 2612 2743 2697 ὁπλίτας.
2777 2615 2843 2715 ⁹)

794 2899 855 2982 9)
909 2901 1182 2976 Vituperat
1222 2900 1351 2958 haee
1394 2901 1458 2959 Ο.
1505 2901 1792 2970 Miillerus,
1848 2907 1935 2978 qui
1977 2907 2033 2960 in
2072 2900 2291 2960 Notitiis
2332 2904 2598 2961 litterariis
2639 2903 2848 2963 Gottin-

625 2991 872 3072 geusibns
915 3008 962 3046 a.
1011 2983 1192 3044 1836.
1237 3007 1289 3044 ιι.
1336 2984 1476 3045 116.
1529 3008 1580 3062 p.
1630 2982 1812 3046 1152.
1868 3006 2009 3064 seqq.
2055 2985 2120 3044 de
2160 2988 2259 3045 hac
2297 2991 2632 3065 inscriptione
2673 2988 2849 3089 dispu-

628 3079 770 3142 tavit,
812 3072 949 3172 quod
990 3074 1147 3129 etiam
1188 3081 1306 3128 ante
1350 3090 1500 3148 quam
1534 3073 1715 3130 Rossii
1756 3073 1885 3129 liber
1925 3080 2081 3130 notus
2123 3081 2234 3130 erat
2273 3093 2378 3131 non
2418 3081 2497 3131 tot
2537 3076 2738 3134 litterae
2770 3078 2849 3131 ιιι·

625 3170 704 3216 ter
746 3148 916 3233 ἰσχῦὶ
951 3166 1002 3214 et
1044 3153 1362 3230 δαμοσίοις
1404 3161 1565 3214 inseri
1609 3156 1888 3227 debuerint,
1931 3161 2116 3234 quippe
2154 3157 2322 3235 lapide
2364 3177 2547 3216 versus
2574 3162 2715 3234 paris
2735 3160 2848 3216 lou

624 3242 873 3322 gitudinis
916 3244 1204 3318 praebente.
1287 3241 1565 3302 Fortasse·
1625 3240 1720 3298 sed
1764 3245 1879 3318 quis
1922 3247 2090 3299 nescit
2123 3262 2277 3318 saepe
2312 3241 2695 3306 diversissimae
2735 3244 2848 3301 lon-

624 3328 873 3405 gitudinis
917 3345 1099 3383 versus
1142 3329 1196 3382 in
1235 3324 1490 3401 lapidibus
1533 3330 1729 3386 incisos
1771 3327 2026 3387 invenirii
2109 3326 2228 3406 Ipse
2256 3329 2442 3407 igitur,
2496 3330 2751 3406 scriptura
2785 3330 2846 3385 ab

597 3414 816 3483 =Rossio
862 3409 999 3468 edita
1040 3408 1263 3480 adiutus,
1305 3414 1378 3468 ita
1416 3412 1571 3488 legitx
1630 3446 1653 3463 .

880 3568 1151 3589 .....
1194 3528 1329 3587 θων
1371 3521 1630 3606 ἀνέθηκε
1670 3548 1909 3606 τηντεα.

863 3605 1178 3716 Ἵσχυλλος
1226 3609 1455 3684 Θίοπος
1496 3619 1624 3683 τοῖς
1666 3610 1984 3689 δαμοσίοις
2027 3608 2089 3672 ἐν
2131 3606 2381 3685 ἀέθλοις

879 3689 1120 3779 τετράκι
1160 3717 1225 3756 τε
1266 3690 1526 3757 σπάδὶον
1566 3695 1700 3775 νίκη
1743 3696 1845 3756 καὶ
1889 3696 1983 3769 δὶς
2021 3693 2129 3757 τὸν
2172 3690 2442 3758 bul-[rav.

569 3851 576 3864 =
626 3817 835 3878 Initium
878 3820 1229 3892 inscriptionis
1281 3825 1429 3892 putat
1481 3835 1637 3892 prosa
1689 3818 1921 3874 oratione
1964 3821 2209 3893 scriptum
2252 3817 2716 3890 fuisse.1schyli
2755 3838 2847 3876 no-

628 3920 746 3959 men
786 3904 840 3957 in
884 3920 1008 3958 vase
1050 3899 1266 3976 quodam
1290 3900 1567 3958 Volseensi
1608 3905 1829 3959 inveniri
1869 3906 1960 3972 ait,
2009 3898 2181 3977 Θίοψ
2223 3911 2393 3960 autem
2435 3902 2685 3961 Doricum
2728 3922 2847 3961 esse

628 4006 719 4062 pro
767 3979 980 4060 Θέοψ,
1034 4005 1129 4043 neo
1170 3976 1429 4044 audetur
1469 3987 1603 4043 solis
1643 3987 2014 4058 Aeeteusibus,
2067 4006 2244 4045 verum
2287 3991 2440 4045 etiam
2483 3987 2847 4057 Dorio-sibus,

497 4081 503 4085 ’
629 4073 886 4147 Gregorio
929 4069 1194 4128 Corinthio
1237 4079 1388 4142 teste,
1430 4075 1834 4147 nominatimque
1877 4071 2227 4142 Cretensibus,
2270 4078 2402 4131 teste
2443 4073 2636 4132 Ioanne
2677 4093 2847 4152 gram·

629 4159 848 4224 matico,
904 4155 1071 4211 fuisse
1111 4165 1430 4230 usurpatum.
1524 4154 1721 4212 Eadem
1765 4154 1980 4213 dialecto
2026 4160 2174 4213 etiam
2216 4150 2430 4232 τῆντεα
2484 4168 2539 4214 et
2578 4154 2709 4235 νίκη
2752 4178 2844 4234 pro

630 4237 812 4311 ἐνίκα,
857 4258 987 4315 quae
1031 4237 1158 4296 mihi
1200 4238 1403 4315 quidem
1447 4243 1575 4297 mira
1610 4240 1861 4311 videntur,
1904 4239 2151 4298 defendit.
2240 4241 2462 4299 Miratur
2495 4251 2665 4300 tamen
2691 4246 2846 4299 omis-

628 4343 743 4383 sam
783 4325 1242 4401 interpunctionem
1282 4333 1401 4400 post
1437 4318 1685 4401 τῆντεα,
1740 4344 1893 4401 quum
1934 4330 2306 4402 interpunctum
2338 4329 2408 4383 sit
2438 4337 2555 4402 post
2573 4320 2842 4397 ἀέθλοις.

629 4409 692 4468 Id
734 4429 831 4490 ego
885 4407 1117 4485 quidem,
1178 4428 1331 4483 quum
1388 4416 1634 4490 punctum
1689 4410 1932 4496 faciliime
1986 4413 2180 4490 negligi
2233 4430 2267 4469 a
2313 4410 2565 4491 lapidatio
2603 4416 2842 4489 potnerit,
