<?xml version="1.0" encoding="UTF-8"?>
<!DOCTYPE html PUBLIC "-//W3C//DTD XHTML 1.0 Transitional//EN"
    "http://www.w3.org/TR/xhtml1/DTD/xhtml1-transitional.dtd">
<html xmlns="http://www.w3.org/1999/xhtml" xml:lang="en" lang="en">
 <head>
  <title>
</title>
<meta http-equiv="Content-Type" content="text/html;charset=utf-8" />
  <meta name='ocr-system' content='tesseract 3.04.00' />
  <meta name='ocr-capabilities' content='ocr_page ocr_carea ocr_par ocr_line ocrx_word'/>
</head>
<body>
  <div class='ocr_page' id='page_1' title='image "./godofrediherman00fritgoog_0127.png"; bbox 0 0 3192 4992; ppageno 0'>
   <div class='ocr_carea' id='block_1_1' title="bbox 839 349 2554 462">
    <p class='ocr_par' dir='ltr' id='par_1_1' title="bbox 839 349 2554 462">
     <span class='ocr_line' id='line_1_1' title="bbox 839 349 2554 462; baseline 0.006 -43"><span class='ocrx_word' id='word_1_1' title='bbox 839 453 844 462; x_wconf 18' lang='grc' dir='ltr'><strong><em>ε</em></strong></span> <span class='ocrx_word' id='word_1_2' title='bbox 945 358 1044 420; x_wconf 86' lang='lat' dir='ltr'>DE</span> <span class='ocrx_word' id='word_1_3' title='bbox 1079 349 1381 434; x_wconf 70' lang='lat' dir='ltr'>OFFlclo</span> <span class='ocrx_word' id='word_1_4' title='bbox 1426 358 1941 423; x_wconf 80' lang='lat' dir='ltr'>INTERPRETIS.</span> <span class='ocrx_word' id='word_1_5' title='bbox 2431 363 2554 430; x_wconf 80' lang='lat'>115</span> 
     </span>
    </p>
   </div>
   <div class='ocr_carea' id='block_1_2' title="bbox 535 519 2632 931">
    <p class='ocr_par' dir='ltr' id='par_1_2' title="bbox 539 519 2632 727">
     <span class='ocr_line' id='line_1_2' title="bbox 539 519 2099 652; baseline 0.006 -58"><span class='ocrx_word' id='word_1_6' title='bbox 539 519 665 597; x_wconf 77' lang='grc' dir='ltr'>καὶ</span> <span class='ocrx_word' id='word_1_7' title='bbox 714 520 857 599; x_wconf 79' lang='grc' dir='ltr'><strong><em>σὺν</em></strong></span> <span class='ocrx_word' id='word_1_8' title='bbox 905 520 1270 652; x_wconf 75' lang='grc' dir='ltr'>εὐφώνοις</span> <span class='ocrx_word' id='word_1_9' title='bbox 1316 519 1631 609; x_wconf 75' lang='grc' dir='ltr'><strong><em>θαλίαις</em></strong></span> <span class='ocrx_word' id='word_1_10' title='bbox 1671 525 2099 610; x_wconf 80' lang='grc' dir='ltr'><strong><em>ὃνομαστάν</em></strong></span> 
     </span>
     <span class='ocr_line' id='line_1_3' title="bbox 540 618 2632 727; baseline 0.006 -32"><span class='ocrx_word' id='word_1_11' title='bbox 540 618 807 719; x_wconf 78' lang='grc' dir='ltr'><strong><em>(Λύκιε</em></strong></span> <span class='ocrx_word' id='word_1_12' title='bbox 857 624 983 700; x_wconf 82' lang='grc' dir='ltr'>καὶ</span> <span class='ocrx_word' id='word_1_13' title='bbox 1031 622 1285 700; x_wconf 82' lang='grc' dir='ltr'><strong><em>Δάλου</em></strong></span> <span class='ocrx_word' id='word_1_14' title='bbox 1336 620 1694 702; x_wconf 75' lang='grc' dir='ltr'><em>ἀνάσσων</em></span> <span class='ocrx_word' id='word_1_15' title='bbox 1746 623 1985 724; x_wconf 81' lang='grc' dir='ltr'><em>Φόῖβε</em></span> <span class='ocrx_word' id='word_1_16' title='bbox 1996 684 2024 717; x_wconf 86' lang='lat'>,</span> <span class='ocrx_word' id='word_1_17' title='bbox 2090 633 2552 727; x_wconf 79' lang='grc' dir='ltr'><strong><em>Παρνασσοῦ</em></strong></span> <span class='ocrx_word' id='word_1_18' title='bbox 2620 683 2632 696; x_wconf 84' lang='grc'><strong>-</strong></span> 
     </span>
    </p>

    <p class='ocr_par' dir='ltr' id='par_1_3' title="bbox 535 725 2551 931">
     <span class='ocr_line' id='line_1_4' title="bbox 1390 725 2551 830; baseline 0.007 -30"><span class='ocrx_word' id='word_1_19' title='bbox 1390 755 1468 800; x_wconf 82' lang='grc' dir='ltr'>τε</span> <span class='ocrx_word' id='word_1_20' title='bbox 1508 725 1798 821; x_wconf 82' lang='grc' dir='ltr'><strong><em>κράναν</em></strong></span> <span class='ocrx_word' id='word_1_21' title='bbox 1824 730 2255 806; x_wconf 79' lang='grc' dir='ltr'><strong><em>Κασταλίαν</em></strong></span> <span class='ocrx_word' id='word_1_22' title='bbox 2281 733 2551 830; x_wconf 77' lang='grc' dir='ltr'><strong><em>φιλέων</em></strong></span> 
     </span>
     <span class='ocr_line' id='line_1_5' title="bbox 535 791 2548 931; baseline 0.005 -32"><span class='ocrx_word' id='word_1_23' title='bbox 535 791 924 923; x_wconf 72' lang='grc' dir='ltr'><strong><em>ἐθελήσαις</em></strong></span> <span class='ocrx_word' id='word_1_24' title='bbox 946 853 1184 904; x_wconf 86' lang='grc' dir='ltr'><strong><em>ταυτα</em></strong></span> <span class='ocrx_word' id='word_1_25' title='bbox 1213 824 1369 927; x_wconf 79' lang='grc' dir='ltr'><strong><em>νόῳ</em></strong></span> <span class='ocrx_word' id='word_1_26' title='bbox 1402 830 1744 929; x_wconf 80' lang='grc' dir='ltr'><strong><em>τιθέμεν)</em></strong></span> <span class='ocrx_word' id='word_1_27' title='bbox 1774 829 2143 929; x_wconf 71' lang='grc' dir='ltr'><strong><em>εὔανδρόν</em></strong></span> <span class='ocrx_word' id='word_1_28' title='bbox 2171 862 2247 907; x_wconf 84' lang='grc' dir='ltr'>τε</span> <span class='ocrx_word' id='word_1_29' title='bbox 2266 831 2548 931; x_wconf 80' lang='grc' dir='ltr'><strong><em>χώραν.</em></strong></span> 
     </span>
    </p>
   </div>
   <div class='ocr_carea' id='block_1_3' title="bbox 295 973 2649 3522">
    <p class='ocr_par' dir='ltr' id='par_1_4' title="bbox 311 973 2649 2092">
     <span class='ocr_line' id='line_1_6' title="bbox 332 973 2554 1085; baseline 0.004 -36"><span class='ocrx_word' id='word_1_30' title='bbox 332 973 441 1049; x_wconf 90' lang='lat' dir='ltr'>Ita</span> <span class='ocrx_word' id='word_1_31' title='bbox 494 977 564 1049; x_wconf 93' lang='lat' dir='ltr'>hi</span> <span class='ocrx_word' id='word_1_32' title='bbox 613 1003 841 1052; x_wconf 85' lang='lat' dir='ltr'>versus</span> <span class='ocrx_word' id='word_1_33' title='bbox 893 980 1247 1073; x_wconf 83' lang='lat' dir='ltr'>scribendi,</span> <span class='ocrx_word' id='word_1_34' title='bbox 1277 983 1343 1079; x_wconf 79' lang='lat'>⁹)</span> <span class='ocrx_word' id='word_1_35' title='bbox 1395 981 1466 1053; x_wconf 93' lang='lat' dir='ltr'>in</span> <span class='ocrx_word' id='word_1_36' title='bbox 1518 982 1749 1078; x_wconf 85' lang='lat' dir='ltr'>quihus</span> <span class='ocrx_word' id='word_1_37' title='bbox 1802 990 1869 1054; x_wconf 90' lang='lat' dir='ltr'>et</span> <span class='ocrx_word' id='word_1_38' title='bbox 1919 984 2062 1074; x_wconf 90' lang='lat' dir='ltr'>illa,</span> <span class='ocrx_word' id='word_1_39' title='bbox 2121 979 2160 1055; x_wconf 81' lang='grc' dir='ltr'><em>ὃ</em></span> <span class='ocrx_word' id='word_1_40' title='bbox 2214 981 2295 1056; x_wconf 73' lang='grc' dir='ltr'>δὲ</span> <span class='ocrx_word' id='word_1_41' title='bbox 2339 980 2554 1085; x_wconf 79' lang='grc' dir='ltr'><strong><em>λόγος</em></strong></span> 
     </span>
     <span class='ocr_line' id='line_1_7' title="bbox 331 1073 2552 1182; baseline 0.004 -32"><span class='ocrx_word' id='word_1_42' title='bbox 331 1073 639 1162; x_wconf 83' lang='grc' dir='ltr'><strong><em>ταύταις</em></strong></span> <span class='ocrx_word' id='word_1_43' title='bbox 700 1079 818 1154; x_wconf 78' lang='grc' dir='ltr'>ἐπὶ</span> <span class='ocrx_word' id='word_1_44' title='bbox 888 1080 1315 1177; x_wconf 86' lang='grc' dir='ltr'><strong><em>συντυχίαις</em></strong></span> <span class='ocrx_word' id='word_1_45' title='bbox 1378 1077 1610 1166; x_wconf 82' lang='grc' dir='ltr'><strong><em>δόξαν</em></strong></span> <span class='ocrx_word' id='word_1_46' title='bbox 1672 1082 1911 1180; x_wconf 76' lang='grc' dir='ltr'><strong><em>φέρει,</em></strong></span> <span class='ocrx_word' id='word_1_47' title='bbox 1986 1077 2194 1181; x_wconf 86' lang='lat' dir='ltr'>magis</span> <span class='ocrx_word' id='word_1_48' title='bbox 2258 1086 2552 1182; x_wconf 82' lang='lat' dir='ltr'>pedestri</span> 
     </span>
     <span class='ocr_line' id='line_1_8' title="bbox 333 1146 2549 1283; baseline 0.002 -29"><span class='ocrx_word' id='word_1_49' title='bbox 333 1183 620 1254; x_wconf 89' lang='lat' dir='ltr'>orationi</span> <span class='ocrx_word' id='word_1_50' title='bbox 686 1208 877 1279; x_wconf 85' lang='lat' dir='ltr'>quam</span> <span class='ocrx_word' id='word_1_51' title='bbox 939 1186 1240 1281; x_wconf 79' lang='lat' dir='ltr'>poeticae</span> <span class='ocrx_word' id='word_1_52' title='bbox 1294 1187 1726 1277; x_wconf 85' lang='lat' dir='ltr'>conveniunt,</span> <span class='ocrx_word' id='word_1_53' title='bbox 1801 1195 1869 1258; x_wconf 89' lang='lat' dir='ltr'>et</span> <span class='ocrx_word' id='word_1_54' title='bbox 1931 1195 2073 1257; x_wconf 92' lang='lat' dir='ltr'>tota</span> <span class='ocrx_word' id='word_1_55' title='bbox 2091 1146 2549 1283; x_wconf 59' lang='lat' dir='ltr'>Uparenthesis</span> 
     </span>
     <span class='ocr_line' id='line_1_9' title="bbox 328 1280 2649 1386; baseline 0.003 -33"><span class='ocrx_word' id='word_1_56' title='bbox 328 1282 487 1374; x_wconf 89' lang='lat' dir='ltr'>ista,</span> <span class='ocrx_word' id='word_1_57' title='bbox 542 1308 737 1381; x_wconf 88' lang='lat' dir='ltr'>quum</span> <span class='ocrx_word' id='word_1_58' title='bbox 786 1309 908 1381; x_wconf 87' lang='lat' dir='ltr'>per</span> <span class='ocrx_word' id='word_1_59' title='bbox 957 1309 1028 1357; x_wconf 90' lang='lat' dir='ltr'>se</span> <span class='ocrx_word' id='word_1_60' title='bbox 1079 1310 1310 1382; x_wconf 90' lang='lat' dir='ltr'>parum</span> <span class='ocrx_word' id='word_1_61' title='bbox 1359 1288 1541 1358; x_wconf 90' lang='lat' dir='ltr'>utilis</span> <span class='ocrx_word' id='word_1_62' title='bbox 1594 1285 1708 1377; x_wconf 90' lang='lat' dir='ltr'>sit,</span> <span class='ocrx_word' id='word_1_63' title='bbox 1761 1295 1897 1358; x_wconf 91' lang='lat' dir='ltr'>tum</span> <span class='ocrx_word' id='word_1_64' title='bbox 1947 1287 2225 1359; x_wconf 82' lang='lat' dir='ltr'>molesta</span> <span class='ocrx_word' id='word_1_65' title='bbox 2274 1288 2353 1361; x_wconf 84' lang='lat' dir='ltr'>fit</span> <span class='ocrx_word' id='word_1_66' title='bbox 2404 1280 2649 1386; x_wconf 81' lang='lat' dir='ltr'>epi-18</span> 
     </span>
     <span class='ocr_line' id='line_1_10' title="bbox 326 1383 2550 1484; baseline 0.004 -29"><span class='ocrx_word' id='word_1_67' title='bbox 326 1383 533 1456; x_wconf 86' lang='lat' dir='ltr'>thetis</span> <span class='ocrx_word' id='word_1_68' title='bbox 582 1387 959 1481; x_wconf 68' lang='lat' dir='ltr'>Apollinis,</span> <span class='ocrx_word' id='word_1_69' title='bbox 1013 1388 1127 1484; x_wconf 88' lang='lat' dir='ltr'>qui</span> <span class='ocrx_word' id='word_1_70' title='bbox 1176 1388 1235 1459; x_wconf 92' lang='lat' dir='ltr'>si</span> <span class='ocrx_word' id='word_1_71' title='bbox 1287 1396 1427 1459; x_wconf 90' lang='lat' dir='ltr'>erat</span> <span class='ocrx_word' id='word_1_72' title='bbox 1477 1389 1736 1461; x_wconf 91' lang='lat' dir='ltr'>omnino</span> <span class='ocrx_word' id='word_1_73' title='bbox 1787 1388 2212 1480; x_wconf 85' lang='lat' dir='ltr'>invocandus,</span> <span class='ocrx_word' id='word_1_74' title='bbox 2266 1390 2377 1463; x_wconf 91' lang='lat' dir='ltr'>hic</span> <span class='ocrx_word' id='word_1_75' title='bbox 2426 1415 2550 1464; x_wconf 90' lang='lat' dir='ltr'>nec</span> 
     </span>
     <span class='ocr_line' id='line_1_11' title="bbox 311 1482 2547 1586; baseline 0.003 -30"><span class='ocrx_word' id='word_1_76' title='bbox 311 1482 584 1581; x_wconf 68' lang='lat' dir='ltr'>‘Lycius</span> <span class='ocrx_word' id='word_1_77' title='bbox 649 1511 774 1560; x_wconf 89' lang='lat' dir='ltr'>nec</span> <span class='ocrx_word' id='word_1_78' title='bbox 822 1486 1064 1560; x_wconf 86' lang='lat' dir='ltr'>Delius</span> <span class='ocrx_word' id='word_1_79' title='bbox 1130 1490 1452 1586; x_wconf 89' lang='lat' dir='ltr'>appellari</span> <span class='ocrx_word' id='word_1_80' title='bbox 1523 1490 1822 1561; x_wconf 85' lang='lat' dir='ltr'>debebat.</span> <span class='ocrx_word' id='word_1_81' title='bbox 1944 1487 2086 1563; x_wconf 86' lang='lat' dir='ltr'>Sed</span> <span class='ocrx_word' id='word_1_82' title='bbox 2151 1487 2312 1562; x_wconf 91' lang='lat' dir='ltr'>talia</span> <span class='ocrx_word' id='word_1_83' title='bbox 2375 1492 2547 1563; x_wconf 86' lang='lat' dir='ltr'>unde</span> 
     </span>
     <span class='ocr_line' id='line_1_12' title="bbox 326 1590 2550 1689; baseline 0.003 -31"><span class='ocrx_word' id='word_1_84' title='bbox 326 1596 478 1658; x_wconf 89' lang='lat' dir='ltr'>orta</span> <span class='ocrx_word' id='word_1_85' title='bbox 545 1590 716 1680; x_wconf 88' lang='lat' dir='ltr'>sint,</span> <span class='ocrx_word' id='word_1_86' title='bbox 797 1614 926 1664; x_wconf 90' lang='lat' dir='ltr'>non</span> <span class='ocrx_word' id='word_1_87' title='bbox 994 1599 1096 1662; x_wconf 89' lang='lat' dir='ltr'>est</span> <span class='ocrx_word' id='word_1_88' title='bbox 1161 1591 1530 1663; x_wconf 89' lang='lat' dir='ltr'>obscurum.</span> <span class='ocrx_word' id='word_1_89' title='bbox 1659 1590 2155 1689; x_wconf 86' lang='lat' dir='ltr'>Perscripserat</span> <span class='ocrx_word' id='word_1_90' title='bbox 2216 1602 2414 1689; x_wconf 89' lang='lat' dir='ltr'>poeta</span> <span class='ocrx_word' id='word_1_91' title='bbox 2481 1603 2550 1666; x_wconf 88' lang='lat' dir='ltr'>et</span> 
     </span>
     <span class='ocr_line' id='line_1_13' title="bbox 325 1690 2548 1791; baseline 0.003 -32"><span class='ocrx_word' id='word_1_92' title='bbox 325 1712 498 1785; x_wconf 89' lang='lat' dir='ltr'>quae</span> <span class='ocrx_word' id='word_1_93' title='bbox 548 1690 951 1787; x_wconf 88' lang='lat' dir='ltr'>praecedunt</span> <span class='ocrx_word' id='word_1_94' title='bbox 1001 1701 1068 1764; x_wconf 87' lang='lat' dir='ltr'>et</span> <span class='ocrx_word' id='word_1_95' title='bbox 1117 1701 1493 1789; x_wconf 81' lang='lat' dir='ltr'>sequentem</span> <span class='ocrx_word' id='word_1_96' title='bbox 1544 1693 1918 1790; x_wconf 84' lang='lat' dir='ltr'>stropham:</span> <span class='ocrx_word' id='word_1_97' title='bbox 1987 1717 2161 1766; x_wconf 90' lang='lat' dir='ltr'>nunc</span> <span class='ocrx_word' id='word_1_98' title='bbox 2212 1695 2548 1791; x_wconf 86' lang='lat' dir='ltr'>explenda</span> 
     </span>
     <span class='ocr_line' id='line_1_14' title="bbox 322 1792 2549 1891; baseline 0.003 -30"><span class='ocrx_word' id='word_1_99' title='bbox 322 1800 519 1862; x_wconf 91' lang='lat' dir='ltr'>erant</span> <span class='ocrx_word' id='word_1_100' title='bbox 569 1792 990 1864; x_wconf 86' lang='lat' dir='ltr'>intermedia.</span> <span class='ocrx_word' id='word_1_101' title='bbox 1026 1794 1122 1891; x_wconf 83' lang='lat'>¹⁰)</span> <span class='ocrx_word' id='word_1_102' title='bbox 1189 1793 1258 1864; x_wconf 89' lang='lat' dir='ltr'>id</span> <span class='ocrx_word' id='word_1_103' title='bbox 1312 1815 1469 1866; x_wconf 86' lang='lat' dir='ltr'>vero</span> <span class='ocrx_word' id='word_1_104' title='bbox 1521 1794 1683 1867; x_wconf 88' lang='lat' dir='ltr'>fecit</span> <span class='ocrx_word' id='word_1_105' title='bbox 1732 1820 1864 1866; x_wconf 88' lang='lat' dir='ltr'>non</span> <span class='ocrx_word' id='word_1_106' title='bbox 1916 1804 2092 1891; x_wconf 83' lang='lat' dir='ltr'>apte,</span> <span class='ocrx_word' id='word_1_107' title='bbox 2145 1798 2389 1868; x_wconf 88' lang='lat' dir='ltr'>rectius</span> <span class='ocrx_word' id='word_1_108' title='bbox 2442 1796 2549 1868; x_wconf 92' lang='lat' dir='ltr'>in-</span> 
     </span>
     <span class='ocr_line' id='line_1_15' title="bbox 320 1893 2550 1995; baseline 0.003 -32"><span class='ocrx_word' id='word_1_109' title='bbox 320 1901 651 1984; x_wconf 90' lang='lat' dir='ltr'>serturus,</span> <span class='ocrx_word' id='word_1_110' title='bbox 706 1915 870 1989; x_wconf 90' lang='lat' dir='ltr'>quae</span> <span class='ocrx_word' id='word_1_111' title='bbox 921 1893 1125 1987; x_wconf 80' lang='lat' dir='ltr'>urbis,</span> <span class='ocrx_word' id='word_1_112' title='bbox 1181 1896 1310 1967; x_wconf 90' lang='lat' dir='ltr'>etsi</span> <span class='ocrx_word' id='word_1_113' title='bbox 1357 1896 1488 1968; x_wconf 90' lang='lat' dir='ltr'>iam</span> <span class='ocrx_word' id='word_1_114' title='bbox 1540 1898 1704 1968; x_wconf 88' lang='lat' dir='ltr'>satis</span> <span class='ocrx_word' id='word_1_115' title='bbox 1755 1896 2084 1989; x_wconf 83' lang='lat' dir='ltr'>laudatae,</span> <span class='ocrx_word' id='word_1_116' title='bbox 2135 1898 2550 1995; x_wconf 89' lang='lat' dir='ltr'>prosperita-</span> 
     </span>
     <span class='ocr_line' id='line_1_16' title="bbox 318 1994 2557 2092; baseline 0.004 -28"><span class='ocrx_word' id='word_1_117' title='bbox 318 2000 457 2065; x_wconf 88' lang='lat' dir='ltr'>tem</span> <span class='ocrx_word' id='word_1_118' title='bbox 511 1994 1012 2092; x_wconf 89' lang='lat' dir='ltr'>amplificarent.</span> <span class='ocrx_word' id='word_1_119' title='bbox 2554 2077 2557 2086; x_wconf 67' lang='lat'>,</span> 
     </span>
    </p>

    <p class='ocr_par' dir='ltr' id='par_1_5' title="bbox 295 2095 2549 3515">
     <span class='ocr_line' id='line_1_17' title="bbox 527 2095 2546 2218; baseline 0.002 -52"><span class='ocrx_word' id='word_1_120' title='bbox 527 2095 891 2218; x_wconf 86' lang='lat' dir='ltr'>Aliquanto</span> <span class='ocrx_word' id='word_1_121' title='bbox 952 2096 1291 2171; x_wconf 86' lang='lat' dir='ltr'>difficilior</span> <span class='ocrx_word' id='word_1_122' title='bbox 1354 2107 1456 2171; x_wconf 88' lang='lat' dir='ltr'>est</span> <span class='ocrx_word' id='word_1_123' title='bbox 1519 2098 1790 2172; x_wconf 87' lang='lat' dir='ltr'>secundi</span> <span class='ocrx_word' id='word_1_124' title='bbox 1858 2099 2033 2195; x_wconf 87' lang='lat' dir='ltr'>quod</span> <span class='ocrx_word' id='word_1_125' title='bbox 2080 2100 2256 2170; x_wconf 92' lang='lat' dir='ltr'>inter</span> <span class='ocrx_word' id='word_1_126' title='bbox 2303 2097 2546 2195; x_wconf 60' lang='lat' dir='ltr'>Pythia</span> 
     </span>
     <span class='ocr_line' id='line_1_18' title="bbox 314 2195 2543 2299; baseline 0.003 -32"><span class='ocrx_word' id='word_1_127' title='bbox 314 2195 572 2293; x_wconf 90' lang='lat' dir='ltr'>legitur</span> <span class='ocrx_word' id='word_1_128' title='bbox 623 2199 928 2270; x_wconf 86' lang='lat' dir='ltr'>carminis</span> <span class='ocrx_word' id='word_1_129' title='bbox 981 2200 1381 2296; x_wconf 85' lang='lat' dir='ltr'>explicatio,</span> <span class='ocrx_word' id='word_1_130' title='bbox 1450 2199 1707 2297; x_wconf 87' lang='lat' dir='ltr'>dicique</span> <span class='ocrx_word' id='word_1_131' title='bbox 1760 2202 1872 2272; x_wconf 86' lang='lat' dir='ltr'>vix</span> <span class='ocrx_word' id='word_1_132' title='bbox 1923 2209 2183 2299; x_wconf 87' lang='lat' dir='ltr'>potest,</span> <span class='ocrx_word' id='word_1_133' title='bbox 2239 2209 2543 2297; x_wconf 85' lang='lat' dir='ltr'>quantum</span> 
     </span>
     <span class='ocr_line' id='line_1_19' title="bbox 312 2295 2545 2419; baseline 0.002 -52"><span class='ocrx_word' id='word_1_134' title='bbox 312 2295 384 2368; x_wconf 93' lang='lat' dir='ltr'>in</span> <span class='ocrx_word' id='word_1_135' title='bbox 440 2322 526 2372; x_wconf 88' lang='lat' dir='ltr'>eo</span> <span class='ocrx_word' id='word_1_136' title='bbox 581 2299 1005 2419; x_wconf 37' lang='lat' dir='ltr'>expe-‘diendo</span> <span class='ocrx_word' id='word_1_137' title='bbox 1042 2301 1484 2372; x_wconf 85' lang='lat' dir='ltr'>laboraverint</span> <span class='ocrx_word' id='word_1_138' title='bbox 1549 2303 1970 2397; x_wconf 88' lang='lat' dir='ltr'>interpretes.</span> <span class='ocrx_word' id='word_1_139' title='bbox 2093 2299 2237 2373; x_wconf 88' lang='lat' dir='ltr'>Nec</span> <span class='ocrx_word' id='word_1_140' title='bbox 2287 2303 2545 2374; x_wconf 88' lang='lat' dir='ltr'>mirum.</span> 
     </span>
     <span class='ocr_line' id='line_1_20' title="bbox 311 2397 2549 2520; baseline 0.002 -50"><span class='ocrx_word' id='word_1_141' title='bbox 311 2397 487 2472; x_wconf 88' lang='lat' dir='ltr'>Nam</span> <span class='ocrx_word' id='word_1_142' title='bbox 544 2402 892 2473; x_wconf 91' lang='lat' dir='ltr'>occasione</span> <span class='ocrx_word' id='word_1_143' title='bbox 944 2402 1258 2473; x_wconf 87' lang='lat' dir='ltr'>victoriae</span> <span class='ocrx_word' id='word_1_144' title='bbox 1313 2401 1648 2474; x_wconf 87' lang='lat' dir='ltr'>cniusdam</span> <span class='ocrx_word' id='word_1_145' title='bbox 1698 2405 2009 2520; x_wconf 87' lang='lat' dir='ltr'>scriptum</span> <span class='ocrx_word' id='word_1_146' title='bbox 2064 2412 2204 2493; x_wconf 87' lang='lat' dir='ltr'>est,</span> <span class='ocrx_word' id='word_1_147' title='bbox 2260 2401 2374 2473; x_wconf 90' lang='lat' dir='ltr'>sed</span> <span class='ocrx_word' id='word_1_148' title='bbox 2427 2427 2549 2496; x_wconf 79' lang='lat' dir='ltr'>ne·</span> 
     </span>
     <span class='ocr_line' id='line_1_21' title="bbox 311 2503 2547 2600; baseline 0.001 -28"><span class='ocrx_word' id='word_1_149' title='bbox 311 2526 444 2598; x_wconf 88' lang='lat' dir='ltr'>que</span> <span class='ocrx_word' id='word_1_150' title='bbox 504 2526 586 2576; x_wconf 86' lang='lat' dir='ltr'>ea</span> <span class='ocrx_word' id='word_1_151' title='bbox 618 2503 898 2574; x_wconf 88' lang='lat' dir='ltr'>victoria</span> <span class='ocrx_word' id='word_1_152' title='bbox 948 2512 1395 2598; x_wconf 82' lang='lat' dir='ltr'>argumentum</span> <span class='ocrx_word' id='word_1_153' title='bbox 1448 2511 1549 2574; x_wconf 87' lang='lat' dir='ltr'>est</span> <span class='ocrx_word' id='word_1_154' title='bbox 1583 2504 1913 2594; x_wconf 85' lang='lat' dir='ltr'>carminis,</span> <span class='ocrx_word' id='word_1_155' title='bbox 1969 2527 2093 2574; x_wconf 91' lang='lat' dir='ltr'>nec</span> <span class='ocrx_word' id='word_1_156' title='bbox 2145 2527 2308 2600; x_wconf 89' lang='lat' dir='ltr'>quae</span> <span class='ocrx_word' id='word_1_157' title='bbox 2350 2515 2547 2599; x_wconf 85' lang='lat' dir='ltr'>prae-</span> 
     </span>
     <span class='ocr_line' id='line_1_22' title="bbox 307 2603 2547 2702; baseline 0.001 -28"><span class='ocrx_word' id='word_1_158' title='bbox 307 2610 506 2675; x_wconf 89' lang='lat' dir='ltr'>terea</span> <span class='ocrx_word' id='word_1_159' title='bbox 574 2603 861 2675; x_wconf 86' lang='lat' dir='ltr'>breviter</span> <span class='ocrx_word' id='word_1_160' title='bbox 925 2612 992 2675; x_wconf 92' lang='lat' dir='ltr'>et</span> <span class='ocrx_word' id='word_1_161' title='bbox 1056 2603 1330 2676; x_wconf 87' lang='lat' dir='ltr'>obscure</span> <span class='ocrx_word' id='word_1_162' title='bbox 1398 2604 1795 2700; x_wconf 84' lang='lat' dir='ltr'>significavit</span> <span class='ocrx_word' id='word_1_163' title='bbox 1844 2613 2042 2702; x_wconf 91' lang='lat' dir='ltr'>poeta</span> <span class='ocrx_word' id='word_1_164' title='bbox 2093 2606 2254 2676; x_wconf 90' lang='lat' dir='ltr'>satis</span> <span class='ocrx_word' id='word_1_165' title='bbox 2305 2613 2547 2676; x_wconf 86' lang='lat' dir='ltr'>tcstata</span> 
     </span>
     <span class='ocr_line' id='line_1_23' title="bbox 301 2703 2542 2802; baseline 0.001 -27"><span class='ocrx_word' id='word_1_166' title='bbox 301 2703 659 2797; x_wconf 78' lang='lat' dir='ltr'>habemus.</span> <span class='ocrx_word' id='word_1_167' title='bbox 764 2703 928 2776; x_wconf 90' lang='lat' dir='ltr'>Tali</span> <span class='ocrx_word' id='word_1_168' title='bbox 978 2728 1135 2777; x_wconf 85' lang='lat' dir='ltr'>vero</span> <span class='ocrx_word' id='word_1_169' title='bbox 1187 2705 1256 2776; x_wconf 91' lang='lat' dir='ltr'>in</span> <span class='ocrx_word' id='word_1_170' title='bbox 1308 2728 1540 2778; x_wconf 88' lang='lat' dir='ltr'>caussa</span> <span class='ocrx_word' id='word_1_171' title='bbox 1591 2705 1947 2802; x_wconf 84' lang='lat' dir='ltr'>diligenter</span> <span class='ocrx_word' id='word_1_172' title='bbox 1997 2707 2392 2797; x_wconf 84' lang='lat' dir='ltr'>cavendum,</span> <span class='ocrx_word' id='word_1_173' title='bbox 2459 2732 2542 2778; x_wconf 91' lang='lat' dir='ltr'>ne</span> 
     </span>
     <span class='ocr_line' id='line_1_24' title="bbox 309 2806 2541 2904; baseline 0.001 -27"><span class='ocrx_word' id='word_1_174' title='bbox 309 2807 474 2902; x_wconf 88' lang='lat' dir='ltr'>quid</span> <span class='ocrx_word' id='word_1_175' title='bbox 532 2814 860 2897; x_wconf 90' lang='lat' dir='ltr'>sumatur,</span> <span class='ocrx_word' id='word_1_176' title='bbox 936 2806 1108 2904; x_wconf 87' lang='lat' dir='ltr'>quod</span> <span class='ocrx_word' id='word_1_177' title='bbox 1160 2831 1285 2878; x_wconf 89' lang='lat' dir='ltr'>non</span> <span class='ocrx_word' id='word_1_178' title='bbox 1340 2807 1718 2904; x_wconf 89' lang='lat' dir='ltr'>planissime</span> <span class='ocrx_word' id='word_1_179' title='bbox 1773 2816 1840 2879; x_wconf 90' lang='lat' dir='ltr'>et</span> <span class='ocrx_word' id='word_1_180' title='bbox 1890 2807 2263 2879; x_wconf 87' lang='lat' dir='ltr'>necessario</span> <span class='ocrx_word' id='word_1_181' title='bbox 2319 2832 2541 2880; x_wconf 84' lang='lat' dir='ltr'>verum</span> 
     </span>
     <span class='ocr_line' id='line_1_25' title="bbox 309 2906 2542 3005; baseline 0.001 -27"><span class='ocrx_word' id='word_1_182' title='bbox 309 2932 461 2980; x_wconf 90' lang='lat' dir='ltr'>esse</span> <span class='ocrx_word' id='word_1_183' title='bbox 522 2917 861 3004; x_wconf 87' lang='lat' dir='ltr'>appareat.</span> <span class='ocrx_word' id='word_1_184' title='bbox 966 2906 1328 2980; x_wconf 79' lang='lat' dir='ltr'>Videamus</span> <span class='ocrx_word' id='word_1_185' title='bbox 1392 2908 1503 2981; x_wconf 88' lang='lat' dir='ltr'>hic</span> <span class='ocrx_word' id='word_1_186' title='bbox 1569 2933 1825 3005; x_wconf 86' lang='lat' dir='ltr'>quoquc</span> <span class='ocrx_word' id='word_1_187' title='bbox 1891 2910 2102 3005; x_wconf 90' lang='lat' dir='ltr'>primo</span> <span class='ocrx_word' id='word_1_188' title='bbox 2158 2908 2311 3005; x_wconf 86' lang='lat' dir='ltr'>quid</span> <span class='ocrx_word' id='word_1_189' title='bbox 2365 2910 2542 2981; x_wconf 88' lang='lat' dir='ltr'>dicat</span> 
     </span>
     <span class='ocr_line' id='line_1_26' title="bbox 305 3007 2542 3107; baseline 0.003 -29"><span class='ocrx_word' id='word_1_190' title='bbox 305 3007 676 3081; x_wconf 79' lang='lat' dir='ltr'>Pindarus.</span> <span class='ocrx_word' id='word_1_191' title='bbox 803 3007 1297 3106; x_wconf 70' lang='lat' dir='ltr'>Syracusae,</span> <span class='ocrx_word' id='word_1_192' title='bbox 1380 3009 1635 3107; x_wconf 86' lang='lat' dir='ltr'>inquit,</span> <span class='ocrx_word' id='word_1_193' title='bbox 1717 3007 1921 3083; x_wconf 78' lang='lat' dir='ltr'>vobis</span> <span class='ocrx_word' id='word_1_194' title='bbox 1963 3007 2156 3105; x_wconf 79' lang='lat' dir='ltr'>fero</span> <span class='ocrx_word' id='word_1_195' title='bbox 2221 3035 2542 3084; x_wconf 78' lang='lat' dir='ltr'>carmen</span> 
     </span>
     <span class='ocr_line' id='line_1_27' title="bbox 310 3105 2542 3213; baseline 0.001 -31"><span class='ocrx_word' id='word_1_196' title='bbox 310 3105 627 3200; x_wconf 66' lang='lat' dir='ltr'>Thebis,</span> <span class='ocrx_word' id='word_1_197' title='bbox 678 3112 1053 3183; x_wconf 76' lang='lat' dir='ltr'>nuncium</span> <span class='ocrx_word' id='word_1_198' title='bbox 1104 3112 1474 3184; x_wconf 77' lang='lat' dir='ltr'>victoriae</span> <span class='ocrx_word' id='word_1_199' title='bbox 1524 3110 1939 3213; x_wconf 68' lang='lat' dir='ltr'>quadrigis</span> <span class='ocrx_word' id='word_1_200' title='bbox 1990 3111 2326 3184; x_wconf 75' lang='lat' dir='ltr'>eroui</span> <span class='ocrx_word' id='word_1_201' title='bbox 2370 3110 2542 3184; x_wconf 79' lang='lat' dir='ltr'>deo-</span> 
     </span>
     <span class='ocr_line' id='line_1_28' title="bbox 304 3201 2538 3312; baseline 0 -28"><span class='ocrx_word' id='word_1_202' title='bbox 304 3238 492 3285; x_wconf 79' lang='lat' dir='ltr'>rum</span> <span class='ocrx_word' id='word_1_203' title='bbox 550 3236 692 3307; x_wconf 76' lang='lat' dir='ltr'>ope</span> <span class='ocrx_word' id='word_1_204' title='bbox 731 3201 1048 3310; x_wconf 75' lang='lat' dir='ltr'>partae.</span> <span class='ocrx_word' id='word_1_205' title='bbox 1151 3210 1419 3284; x_wconf 80' lang='lat' dir='ltr'>Alium</span> <span class='ocrx_word' id='word_1_206' title='bbox 1471 3214 1618 3284; x_wconf 73' lang='lat' dir='ltr'>aliz·</span> <span class='ocrx_word' id='word_1_207' title='bbox 1645 3236 1908 3312; x_wconf 76' lang='lat' dir='ltr'>regem</span> <span class='ocrx_word' id='word_1_208' title='bbox 1944 3209 2320 3285; x_wconf 77' lang='lat' dir='ltr'>laudant:</span> <span class='ocrx_word' id='word_1_209' title='bbox 2397 3213 2483 3284; x_wconf 90' lang='lat' dir='ltr'><em>C</em></span> <span class='ocrx_word' id='word_1_210' title='bbox 2450 3239 2538 3309; x_wconf 99' lang='lat' dir='ltr'><em>J</em></span> 
     </span>
     <span class='ocr_line' id='line_1_29' title="bbox 295 3267 2540 3412; baseline 0 -27"><span class='ocrx_word' id='word_1_211' title='bbox 295 3318 476 3412; x_wconf 75' lang='lat' dir='ltr'>prii</span> <span class='ocrx_word' id='word_1_212' title='bbox 516 3314 932 3410; x_wconf 72' lang='lat' dir='ltr'>Ciquam·</span> <span class='ocrx_word' id='word_1_213' title='bbox 905 3368 929 3403; x_wconf 89' lang='lat'>,</span> <span class='ocrx_word' id='word_1_214' title='bbox 984 3326 1081 3403; x_wconf 79' lang='lat' dir='ltr'>te,</span> <span class='ocrx_word' id='word_1_215' title='bbox 1132 3313 1399 3404; x_wconf 58' lang='lat' dir='ltr'>Hier-0,</span> <span class='ocrx_word' id='word_1_216' title='bbox 1452 3313 1720 3402; x_wconf 77' lang='lat' dir='ltr'>Locri,</span> <span class='ocrx_word' id='word_1_217' title='bbox 1728 3267 2090 3412; x_wconf 63' lang='lat' dir='ltr'>”depulso</span> <span class='ocrx_word' id='word_1_218' title='bbox 2128 3307 2309 3385; x_wconf 76' lang='lat' dir='ltr'>belli</span> <span class='ocrx_word' id='word_1_219' title='bbox 2333 3325 2540 3386; x_wconf 79' lang='lat' dir='ltr'>metu</span> 
     </span>
     <span class='ocr_line' id='line_1_30' title="bbox 297 3413 2538 3522; baseline -0.001 -32"><span class='ocrx_word' id='word_1_220' title='bbox 297 3428 644 3522; x_wconf 78' lang='lat' dir='ltr'>gratum</span> <span class='ocrx_word' id='word_1_221' title='bbox 695 3427 1065 3490; x_wconf 71' lang='lat' dir='ltr'>testantes</span> <span class='ocrx_word' id='word_1_222' title='bbox 1114 3416 1479 3489; x_wconf 77' lang='lat' dir='ltr'>animum.</span> <span class='ocrx_word' id='word_1_223' title='bbox 1580 3416 1866 3507; x_wconf 79' lang='lat' dir='ltr'>Monet,</span> <span class='ocrx_word' id='word_1_224' title='bbox 1918 3439 2017 3488; x_wconf 72' lang='lat' dir='ltr'>ne</span> <span class='ocrx_word' id='word_1_225' title='bbox 2058 3440 2231 3515; x_wconf 77' lang='lat' dir='ltr'>ques</span> <span class='ocrx_word' id='word_1_226' title='bbox 2264 3413 2538 3514; x_wconf 70' lang='lat' dir='ltr'>ingra-</span> 
     </span>
    </p>
   </div>
   <div class='ocr_carea' id='block_1_4' title="bbox 297 3687 2536 4293">
    <p class='ocr_par' dir='ltr' id='par_1_6' title="bbox 297 3687 2536 4293">
     <span class='ocr_line' id='line_1_31' title="bbox 484 3687 2535 3785; baseline -0.002 -21"><span class='ocrx_word' id='word_1_227' title='bbox 484 3700 549 3785; x_wconf 76' lang='grc'>9)</span> <span class='ocrx_word' id='word_1_228' title='bbox 606 3687 778 3764; x_wconf 82' lang='lat' dir='ltr'>Dura</span> <span class='ocrx_word' id='word_1_229' title='bbox 769 3712 878 3763; x_wconf 89' lang='lat' dir='ltr'>est</span> <span class='ocrx_word' id='word_1_230' title='bbox 917 3704 1044 3763; x_wconf 85' lang='lat' dir='ltr'>haec</span> <span class='ocrx_word' id='word_1_231' title='bbox 1086 3704 1362 3764; x_wconf 83' lang='lat' dir='ltr'>disiunctio</span> <span class='ocrx_word' id='word_1_232' title='bbox 1401 3706 1690 3776; x_wconf 80' lang='lat' dir='ltr'>verborum,</span> <span class='ocrx_word' id='word_1_233' title='bbox 1732 3715 1837 3763; x_wconf 83' lang='lat' dir='ltr'>tam</span> <span class='ocrx_word' id='word_1_234' title='bbox 1872 3705 2029 3780; x_wconf 83' lang='lat' dir='ltr'>longa</span> <span class='ocrx_word' id='word_1_235' title='bbox 2057 3702 2346 3779; x_wconf 84' lang='lat' dir='ltr'>parenthesi</span> <span class='ocrx_word' id='word_1_236' title='bbox 2381 3708 2535 3761; x_wconf 82' lang='lat' dir='ltr'>inter-</span> 
     </span>
     <span class='ocr_line' id='line_1_32' title="bbox 305 3788 2536 3893; baseline -0.002 -44"><span class='ocrx_word' id='word_1_237' title='bbox 305 3794 506 3866; x_wconf 81' lang='lat' dir='ltr'>posita.</span> <span class='ocrx_word' id='word_1_238' title='bbox 591 3789 787 3848; x_wconf 84' lang='lat' dir='ltr'>Videor</span> <span class='ocrx_word' id='word_1_239' title='bbox 826 3790 1084 3848; x_wconf 84' lang='lat' dir='ltr'>meliorem</span> <span class='ocrx_word' id='word_1_240' title='bbox 1126 3794 1262 3848; x_wconf 82' lang='lat' dir='ltr'>viam</span> <span class='ocrx_word' id='word_1_241' title='bbox 1287 3794 1611 3893; x_wconf 81' lang='lat' dir='ltr'>repperisse</span> <span class='ocrx_word' id='word_1_242' title='bbox 1634 3788 1763 3847; x_wconf 86' lang='lat' dir='ltr'>duce</span> <span class='ocrx_word' id='word_1_243' title='bbox 1805 3789 2100 3858; x_wconf 80' lang='lat' dir='ltr'>scholiasta,</span> <span class='ocrx_word' id='word_1_244' title='bbox 2148 3790 2234 3864; x_wconf 80' lang='lat' dir='ltr'>qni</span> <span class='ocrx_word' id='word_1_245' title='bbox 2268 3807 2422 3863; x_wconf 85' lang='lat' dir='ltr'>quum</span> <span class='ocrx_word' id='word_1_246' title='bbox 2448 3808 2536 3863; x_wconf 79' lang='lat' dir='ltr'>po·</span> 
     </span>
     <span class='ocr_line' id='line_1_33' title="bbox 306 3867 2534 3974; baseline -0.001 -43"><span class='ocrx_word' id='word_1_247' title='bbox 306 3883 511 3933; x_wconf 78' lang='lat' dir='ltr'>strema</span> <span class='ocrx_word' id='word_1_248' title='bbox 554 3878 631 3932; x_wconf 87' lang='lat' dir='ltr'>sic</span> <span class='ocrx_word' id='word_1_249' title='bbox 672 3880 1056 3951; x_wconf 83' lang='lat' dir='ltr'>interpretetur,</span> <span class='ocrx_word' id='word_1_250' title='bbox 1122 3867 1446 3953; x_wconf 74' lang='grc' dir='ltr'><strong><em>ἐθελήσαις</em></strong></span> <span class='ocrx_word' id='word_1_251' title='bbox 1492 3875 1691 3935; x_wconf 77' lang='grc' dir='ltr'><strong><em>ταῦτα</em></strong></span> <span class='ocrx_word' id='word_1_252' title='bbox 1747 3895 1789 3932; x_wconf 83' lang='grc' dir='ltr'>α</span> <span class='ocrx_word' id='word_1_253' title='bbox 1844 3866 2097 3952; x_wconf 76' lang='grc' dir='ltr'><strong><em>εἷ’-χομαι</em></strong></span> <span class='ocrx_word' id='word_1_254' title='bbox 2147 3874 2234 3954; x_wconf 80' lang='grc' dir='ltr'>τῷ</span> <span class='ocrx_word' id='word_1_255' title='bbox 2277 3874 2402 3974; x_wconf 74' lang='grc' dir='ltr'>σῷ</span> <span class='ocrx_word' id='word_1_256' title='bbox 2410 3868 2534 3952; x_wconf 80' lang='grc' dir='ltr'><strong><em>νόω</em></strong></span> 
     </span>
     <span class='ocr_line' id='line_1_34' title="bbox 306 3943 2535 4062; baseline -0.001 -46"><span class='ocrx_word' id='word_1_257' title='bbox 306 3953 603 4038; x_wconf 78' lang='grc' dir='ltr'><strong><em>πράττειν</em></strong></span> <span class='ocrx_word' id='word_1_258' title='bbox 655 3956 755 4019; x_wconf 80' lang='grc' dir='ltr'>καὶ</span> <span class='ocrx_word' id='word_1_259' title='bbox 808 3955 1230 4038; x_wconf 71' lang='grc' dir='ltr'><strong><em>συμπεραίνειν</em></strong></span> <span class='ocrx_word' id='word_1_260' title='bbox 1281 3958 1382 4019; x_wconf 84' lang='grc' dir='ltr'>καὶ</span> <span class='ocrx_word' id='word_1_261' title='bbox 1438 3953 1733 4062; x_wconf 72' lang='grc' dir='ltr'><strong><em>εὔανδρον</em></strong></span> <span class='ocrx_word' id='word_1_262' title='bbox 1791 3943 2100 4017; x_wconf 75' lang='grc' dir='ltr'><strong><em>ἀποτελεῖν</em></strong></span> <span class='ocrx_word' id='word_1_263' title='bbox 2151 3977 2261 4034; x_wconf 81' lang='grc' dir='ltr'><strong><em>την</em></strong></span> <span class='ocrx_word' id='word_1_264' title='bbox 2292 3948 2535 4057; x_wconf 80' lang='grc' dir='ltr'><strong><em>χώραν,</em></strong></span> 
     </span>
     <span class='ocr_line' id='line_1_35' title="bbox 308 4032 2536 4147; baseline -0.001 -46"><span class='ocrx_word' id='word_1_265' title='bbox 308 4043 471 4102; x_wconf 83' lang='lat' dir='ltr'>credo</span> <span class='ocrx_word' id='word_1_266' title='bbox 518 4064 632 4101; x_wconf 91' lang='lat' dir='ltr'>eum</span> <span class='ocrx_word' id='word_1_267' title='bbox 674 4048 843 4146; x_wconf 85' lang='lat' dir='ltr'>posita</span> <span class='ocrx_word' id='word_1_268' title='bbox 885 4046 1034 4120; x_wconf 84' lang='lat' dir='ltr'>plena</span> <span class='ocrx_word' id='word_1_269' title='bbox 1075 4048 1483 4147; x_wconf 73' lang='lat' dir='ltr'>interpunctione</span> <span class='ocrx_word' id='word_1_270' title='bbox 1536 4055 1656 4121; x_wconf 87' lang='lat' dir='ltr'>post</span> <span class='ocrx_word' id='word_1_271' title='bbox 1698 4037 2044 4117; x_wconf 76' lang='grc' dir='ltr'><strong><em>ὄνομαστᾶν</em></strong></span> <span class='ocrx_word' id='word_1_272' title='bbox 2084 4043 2276 4121; x_wconf 85' lang='lat' dir='ltr'>legisse</span> <span class='ocrx_word' id='word_1_273' title='bbox 2319 4032 2536 4116; x_wconf 74' lang='grc' dir='ltr'><strong><em>ἐθελή-</em></strong></span> 
     </span>
     <span class='ocr_line' id='line_1_36' title="bbox 305 4119 2535 4210; baseline -0.003 -22"><span class='ocrx_word' id='word_1_274' title='bbox 305 4148 454 4199; x_wconf 83' lang='grc' dir='ltr'><strong><em>σαις</em></strong></span> <span class='ocrx_word' id='word_1_275' title='bbox 498 4131 692 4187; x_wconf 81' lang='grc' dir='ltr'><strong><em>ταῦτα</em></strong></span> <span class='ocrx_word' id='word_1_276' title='bbox 734 4120 855 4208; x_wconf 82' lang='grc' dir='ltr'><strong><em>νόῳ</em></strong></span> <span class='ocrx_word' id='word_1_277' title='bbox 897 4124 1143 4204; x_wconf 66' lang='grc' dir='ltr'><strong><em>τιθέμεν</em></strong></span> <span class='ocrx_word' id='word_1_278' title='bbox 1184 4124 1518 4205; x_wconf 72' lang='grc' dir='ltr'><strong><em>εὖανόροῦυ</em></strong></span> <span class='ocrx_word' id='word_1_279' title='bbox 1557 4150 1622 4188; x_wconf 81' lang='grc' dir='ltr'>τε</span> <span class='ocrx_word' id='word_1_280' title='bbox 1662 4119 1891 4210; x_wconf 77' lang='grc' dir='ltr'><strong><em>χώραν.</em></strong></span> <span class='ocrx_word' id='word_1_281' title='bbox 1974 4128 2039 4186; x_wconf 83' lang='grc' dir='ltr'>Ιιι</span> <span class='ocrx_word' id='word_1_282' title='bbox 2081 4147 2179 4203; x_wconf 90' lang='lat' dir='ltr'>quo</span> <span class='ocrx_word' id='word_1_283' title='bbox 2218 4132 2265 4184; x_wconf 88' lang='lat' dir='ltr'>si</span> <span class='ocrx_word' id='word_1_284' title='bbox 2301 4143 2405 4183; x_wconf 86' lang='lat' dir='ltr'>non</span> <span class='ocrx_word' id='word_1_285' title='bbox 2439 4124 2535 4181; x_wconf 79' lang='lat' dir='ltr'>fal·</span> 
     </span>
     <span class='ocr_line' id='line_1_37' title="bbox 297 4187 1654 4293; baseline 0.002 -23"><span class='ocrx_word' id='word_1_286' title='bbox 297 4228 407 4271; x_wconf 77' lang='lat' dir='ltr'>‘sus</span> <span class='ocrx_word' id='word_1_287' title='bbox 454 4232 588 4283; x_wconf 85' lang='lat' dir='ltr'>sum,</span> <span class='ocrx_word' id='word_1_288' title='bbox 633 4187 918 4288; x_wconf 74' lang='lat' dir='ltr'>addendum</span> <span class='ocrx_word' id='word_1_289' title='bbox 961 4216 1143 4273; x_wconf 78' lang='lat' dir='ltr'>lexicis</span> <span class='ocrx_word' id='word_1_290' title='bbox 1186 4218 1284 4273; x_wconf 85' lang='lat' dir='ltr'>erit</span> <span class='ocrx_word' id='word_1_291' title='bbox 1325 4208 1654 4293; x_wconf 77' lang='grc' dir='ltr'><strong><em>εὖανδρὸω.</em></strong></span> 
     </span>
    </p>
   </div>
   <div class='ocr_carea' id='block_1_5' title="bbox 295 4306 2617 4558">
    <p class='ocr_par' dir='ltr' id='par_1_7' title="bbox 295 4306 2617 4558">
     <span class='ocr_line' id='line_1_38' title="bbox 490 4306 2617 4397; baseline -0.005 -20"><span class='ocrx_word' id='word_1_292' title='bbox 490 4311 581 4397; x_wconf 79' lang='lat'>¹⁰)</span> <span class='ocrx_word' id='word_1_293' title='bbox 636 4315 793 4374; x_wconf 84' lang='lat' dir='ltr'>Ridet</span> <span class='ocrx_word' id='word_1_294' title='bbox 833 4315 962 4374; x_wconf 83' lang='lat' dir='ltr'>haec</span> <span class='ocrx_word' id='word_1_295' title='bbox 1003 4314 1333 4395; x_wconf 77' lang='lat' dir='ltr'>Boeckhius,</span> <span class='ocrx_word' id='word_1_296' title='bbox 1394 4320 1495 4373; x_wconf 88' lang='lat' dir='ltr'>etsi</span> <span class='ocrx_word' id='word_1_297' title='bbox 1549 4316 1746 4373; x_wconf 85' lang='lat' dir='ltr'>fatetur</span> <span class='ocrx_word' id='word_1_298' title='bbox 1785 4331 1891 4372; x_wconf 85' lang='lat' dir='ltr'>non</span> <span class='ocrx_word' id='word_1_299' title='bbox 1933 4331 2075 4383; x_wconf 88' lang='lat' dir='ltr'>esse,</span> <span class='ocrx_word' id='word_1_300' title='bbox 2129 4308 2269 4370; x_wconf 80' lang='lat' dir='ltr'>unde</span> <span class='ocrx_word' id='word_1_301' title='bbox 2309 4306 2536 4385; x_wconf 80' lang='lat' dir='ltr'>epitheta</span> <span class='ocrx_word' id='word_1_302' title='bbox 2610 4327 2617 4338; x_wconf 85' lang='grc'>’</span> 
     </span>
     <span class='ocr_line' id='line_1_39' title="bbox 295 4400 2150 4558; baseline -0.012 -93"><span class='ocrx_word' id='word_1_303' title='bbox 295 4402 417 4458; x_wconf 64' lang='lat' dir='ltr'>itta</span> <span class='ocrx_word' id='word_1_304' title='bbox 459 4400 722 4477; x_wconf 81' lang='lat' dir='ltr'>Apollinis</span> <span class='ocrx_word' id='word_1_305' title='bbox 762 4403 1093 4479; x_wconf 76' lang='lat' dir='ltr'>explicentur.</span> <span class='ocrx_word' id='word_1_306' title='bbox 2021 4491 2087 4558; x_wconf 82' lang='lat' dir='ltr'>H</span> <span class='ocrx_word' id='word_1_307' title='bbox 2107 4492 2150 4555; x_wconf 73' lang='lat'><strong>2</strong></span> 
     </span>
    </p>
   </div>
  </div>
 </body>
</html>
