3192 4992
409 1294 1423 1388 EMENDATIONES
1514 1223 2312 1388 ranAchn
2349 1295 2461 1414 ἢ.
2494 1251 2517 1276 ‘
2545 1315 2596 1388 3

308 1661 650 1770 Multum
702 1723 944 1796 operae
997 1708 1066 1772 et
1115 1724 1242 1797 ego
1293 1698 1364 1770 in
1412 1695 1691 1772 Pindari
1743 1700 2138 1775 carminibus
2188 1700 2410 1798 posui,
2475 1708 2546 1773 et

304 1797 484 1869 idem
535 1799 696 1871 fecit
746 1801 988 1872 eximia
1040 1801 1386 1898 diligentia
1436 1799 1526 1873 A.
1579 1802 2003 1875 Boeckhius:
2069 1826 2195 1875 nec
2245 1801 2540 1893 defuere,
2632 1893 2639 1898 .

306 1899 425 1994 qui
472 1908 629 1996 post
676 1902 796 1972 illa
848 1902 1096 1998 aliquid
1150 1902 1232 1973 ad
1282 1902 1480 1975 huius
1533 1913 1772 2001 poetae
1804 1904 2323 2001 explicationem
2377 1927 2542 1976 eon-

239 2009 244 2014 '
303 2000 580 2076 ferrent.
696 1999 839 2075 Sed
902 2013 977 2075 ut
1041 2004 1210 2076 nihil
1273 2013 1378 2077 est
1440 2005 1512 2076 iu
1563 2006 1759 2079 rebus
1811 2005 2149 2098 humanis,
2219 2004 2395 2102 quod
2442 2005 2540 2076 ita
2606 2019 2615 2025 ’

301 2101 670 2198 perfeetum
721 2105 848 2195 sit,
930 2112 1006 2177 ut
1071 2130 1206 2178 nou
1269 2104 1486 2203 possit
1548 2110 1761 2204 magis
1810 2107 2086 2205 perfici,
2165 2106 2262 2178 ita
2310 2107 2383 2178 in
2430 2105 2537 2178 his

303 2227 561 2300 quoque
619 2205 1014 2288 carminibus
1064 2232 1193 2278 non
1246 2231 1460 2304 pauca
1511 2218 1688 2301 sunt,
1743 2233 1909 2304 quae
1963 2208 2076 2305 qui
2123 2233 2255 2280 non
2288 2215 2536 2280 temere

213 2309 228 2324 ²
301 2307 681 2401 acquiescat
731 2308 869 2379 suis
903 2307 1263 2378 aliorumve
1307 2310 1617 2404 repertis,
1666 2309 2086 2390 retractanda
2125 2308 2538 2380 accuratius-

302 2431 429 2502 que
482 2408 885 2504 expolienda
936 2433 1086 2480 esse
1137 2409 1495 2503 intelligat.
1595 2408 1708 2481 Ita
1761 2434 1888 2505 ego
1943 2433 2140 2506 quum
2191 2407 2533 2504 superiore

301 2512 607 2581 semestri
655 2507 900 2603 Pythia
961 2508 1239 2581 Pindari
1304 2510 1567 2606 publice
1633 2512 2146 2608 interpretarer,
2215 2510 2535 2581 nonnulla

303 2610 846 2682 animadvertisse
897 2609 1166 2702 videor,
1221 2635 1387 2708 quae
1439 2619 1508 2683 et
1555 2637 1659 2683 me
1713 2621 1782 2685 et
1832 2612 2002 2683 alios
2054 2609 2408 2708 fugissent,
2462 2621 2532 2682 et

304 2705 566 2807 quidem
631 2736 711 2784 eo
767 2737 1025 2809 quoque
1082 2711 1153 2784 in
1205 2737 1490 2810 genere,
1573 2714 1750 2811 quod
1816 2713 2318 2810 diligentissime
2369 2736 2529 2809 per·
2660 2759 2665 2770 ·

299 2820 647 2885 tractatum
698 2812 1081 2906 videbatur,
1117 2835 1561 2888 ‘numerorum
1631 2816 1780 2888 dico
1834 2824 1986 2911 apte
2040 2812 2526 2911 componendo-

299 2938 443 2985 rum
495 2923 727 2987 artem.
840 2913 940 2988 Et
991 2916 1294 3012 quoniam
1361 2917 1443 2988 de
1493 2917 1708 3013 primo
1763 2915 2181 3012 secundoque
2234 2915 2523 2987 carmine

297 3014 686 3111 Pythiorum
748 3041 959 3114 nuper
1008 3018 1289 3113 scripsi,
1360 3042 1634 3116 pergam
1701 3018 1783 3090 de
1846 3017 2122 3114 reliquis
2188 3039 2523 3111 exponere

298 3139 378 3189 eo
431 3111 584 3215 quo'
612 3117 788 3190 edita
839 3126 993 3191 sunt
1043 3118 1298 3192 ordine.

1038 3370 1099 3443 P
1150 3369 1219 3445 Y
1268 3370 1339 3445 T
1389 3370 1488 3446 Η.
1604 3369 1777 3444 III.

498 3520 605 3594 Ac
655 3522 738 3594 de
790 3523 972 3595 tertii
1023 3523 1329 3596 carminis
1382 3532 1768 3620 argumento
1821 3521 1954 3593 alia
1987 3520 2145 3592 mihi
2188 3527 2292 3592 est
2327 3543 2518 3616 quam

292 3621 642 3697 Boeckhio
695 3626 1044 3697 sententia.
1144 3625 1474 3697 Accurate
1523 3626 1643 3702 ille
1688 3624 1946 3721 quidem
1992 3622 2072 3694 de
2115 3622 2517 3719 temporibus

294 3724 680 3823 disputavit,
734 3727 1171 3823 ostenditque=
1200 3735 1268 3799 et
1317 3734 1473 3823 post
1514 3724 1783 3823 Olymp.
1814 3721 2171 3797 LXXVI.
2223 3727 2294 3796 l.
2345 3723 2518 3795 scri-

291 3835 478 3923 ptum
530 3851 676 3899 esse
729 3827 857 3900 boc
907 3852 1205 3919 carmen,
1272 3829 1436 3924 quia
1475 3828 1812 3899 Aetnaeus
1875 3827 1942 3898 in
2009 3849 2089 3897 eo
2143 3825 2516 3921 appellatur

289 3926 532 4020 Hiero,
585 3953 711 4001 nec
760 3929 961 4001 scribi
1004 3932 1299 4027 potuisse
1342 3940 1497 4027 post
1531 3927 1803 4026 Olymp.
1837 3924 2198 3999 LXXVI.
2233 3928 2308 3999 3.
2361 3927 2516 4022 quia

290 4031 476 4101 nulla
524 4030 708 4102 illius
760 4040 863 4102 est
913 4032 1375 4129 quadrigarum
1424 4032 1742 4105 victoriae
1779 4029 2024 4101 mentio
2064 4027 2266 4120 facta,
2321 4051 2517 4124 quam

291 4131 570 4230 adeptus
621 4139 766 4205 erat
810 4131 1023 4206 Hiero
1074 4133 1396 4230 Pythiade
1447 4132 1747 4206 XXIX.
1807 4154 1973 4229 quae
2021 4130 2094 4204 in
2140 4130 2340 4203 istum
2392 4151 2513 4199 an-

327 4433 340 4440 ·
463 4393 540 4502 *y
589 4420 785 4481 nasta.
819 4443 870 4506 ᾳ.
915 4420 1102 4484 1834.
1664 4505 1669 4515 ¹

377 4513 606 4591 Haut«.
653 4518 769 4587 01»,
825 4519 969 4590 vll.
1624 4565 1635 4574 ·
2089 4513 2124 4579 Ῑ

2212 4603 2258 4630 21
