3192 4992
1026 355 1129 412 DE
1171 353 1548 413 AESCHYLI
1587 356 1988 419 Am'NAms.
2487 358 2618 424 327

781 511 1460 615 μεμβραδοπώλαις
1470 570 1497 605 ,
1564 515 2160 613 ἅχραὸοπώλαις,

780 615 1367 715 ἰσχαδοπώλαις,
1430 618 2064 717 διφθεροπώλαις,

774 718 1366 817 ἀλφιτοπώλαις,
1433 719 2056 819 μυστριοπώλαις,

783 819 1354 919 βιβλιοπώλαις,
1419 820 2025 911 κοσκινοπώλαις,

782 920 1395 1026 ἐγκριδοπώλαις,
1463 921 2137 1022 σπερματοπώλαις.

376 1075 738 1149 Praetereo
788 1076 1070 1176 reliqua,
1125 1100 1290 1173 quae
1344 1075 1517 1149 dixit
1567 1074 2007 1168 WelckeruS,
2059 1063 2250 1171 quein
2300 1099 2383 1146 ne
2433 1076 2607 1147 alte-

375 1179 516 1250 rius
583 1177 844 1275 quidem
893 1179 1069 1249 vasis
1121 1179 1461 1274 picturae,
1530 1178 1602 1250 in
1668 1202 1829 1274 quas
1880 1178 2130 1273 scripta
2177 1178 2308 1247 iam
2359 1178 2604 1273 prioris

377 1281 824 1376 explicatione
874 1277 1147 1370 incidit,
1217 1279 1297 1350 ab
1351 1304 1470 1350 sua
1522 1280 1831 1375 opinione
1885 1278 2333 1350 demoverunt.
2432 1277 2604 1350 Nam

377 1391 555 1452 stare
607 1405 750 1453 eam
782 1381 967 1452 nullo
1005 1381 1200 1452 modo
1240 1406 1440 1478 posse
1475 1381 1583 1479 vel
1619 1380 1789 1452 illud
1824 1388 2208 1476 argumento
2246 1385 2373 1471 est,
2428 1379 2605 1475 quod
2637 1411 2646 1418 “

375 1492 611 1554 neutra
661 1483 730 1553 in
781 1483 1043 1578 pictura
1092 1491 1440 1554 nascentes
1493 1507 1579 1553 ex
1630 1490 1811 1553 terra
1858 1480 2127 1556 iuvenes
2181 1481 2605 1578 conspiciun-
2741 1537 2748 1544 .

378 1592 526 1675 tur,
592 1584 716 1665 sed⁴
758 1585 982 1680 potius
1035 1585 1370 1655 mulierem
1420 1585 1656 1675 istam,
1726 1582 1911 1654 cuius
1977 1584 2044 1653 in
2110 1583 2334 1679 priore
2402 1591 2602 1680 caput

261 1701 265 1708 ’
375 1694 630 1757 tantum
681 1710 828 1757 cum
880 1685 1063 1757 eollo
1110 1693 1177 1757 et
1229 1709 1482 1775 manus,
1535 1685 1608 1756 in
1659 1684 1869 1757 altera
1920 1683 2233 1781 quidquid
2267 1709 2400 1755 non
2427 1684 2603 1754 infra

376 1811 592 1884 genua
658 1794 761 1858 est
812 1811 848 1857 e
899 1797 1079 1857 terra
1127 1787 1490 1884 prominet,
1573 1810 1660 1857 ex
1725 1786 1893 1857 locis
1960 1786 2402 1858 subterraneis
2454 1808 2603 1856 sese

377 1889 704 1978 extollere
772 1896 1070 1984 apparet.
1185 1886 1679 1984 Ineptissimum
1748 1895 1928 1959 esset
1991 1895 2246 1977 autem,
2329 1894 2604 1957 matrem

375 1989 626 2086 fingere
664 1995 783 2063 'ex
849 1998 1027 2060 terra
1089 1988 1633 2079 adscendentem,
1708 1989 1770 2060 si
1835 1990 1981 2085 quis
2031 1988 2250 2079 filios,
2320 1987 2431 2082 qui
2484 1986 2603 2058 sub

372 2098 554 2164 terra
616 2091 755 2162 nati
818 2099 1045 2181 erant,
1118 2090 1495 2187 significare
1562 2091 1766 2161 vellet
1829 2114 1915 2161 ex
1985 2096 2163 2161 terra
2229 2088 2606 2160 emersisse.

372 2192 551 2284 Quid
601 2217 803 2288 porro
857 2189 984 2262 sibi
1023 2193 1166 2262 vult
1206 2200 1339 2262 tam
1380 2192 1649 2268 immani
1686 2215 1965 2286 corpore
1999 2199 2236 2281 mater,
2287 2197 2362 2260 ut
2395 2190 2603 2260 adulti

369 2294 522 2384 filii,
578 2294 637 2364 si
687 2302 830 2365 tota
881 2291 1321 2383 adscenderit,
1374 2294 1488 2363 vix
1538 2292 1829 2362 humeris
1881 2289 1965 2363 ad
2009 2314 2233 2386 genua
2263 2291 2403 2361 eius
2445 2314 2607 2386 per-

371 2386 693 2466 veniant?
793 2393 1101 2490 Denique
1155 2417 1320 2489 quae
1372 2401 1556 2465 tanta
1597 2392 1880 2482 insania,
1935 2400 2048 2463 aut
2097 2391 2243 2487 quis
2285 2390 2472 2462 furor
2502 2399 2607 2462 est

371 2496 641 2568 illorum
689 2496 1019 2585 iuvenum,
1075 2501 1148 2565 ut
1196 2494 1428 2564 matris
1482 2516 1642 2564 suae
1694 2501 1891 2592 caput
1936 2492 2311 2588 ingentibus
2348 2490 2610 2564 malleis

375 2621 569 2694 quam
619 2598 878 2693 possint
929 2595 1212 2666 maxima
1261 2588 1841 2667 isi-contundam?
1905 2618 2071 2691 quae
2124 2602 2340 2664 autem
2376 2593 2607 2664 matris

373 2708 489 2770 aut
536 2697 854 2770 fortitudo
908 2705 1090 2771 tanta
1140 2704 1253 2768 aut
1302 2703 1436 2766 tam
1487 2695 1704 2766 ferrea
1754 2702 2029 2785 natura,
2095 2702 2170 2764 ut
2220 2719 2303 2765 ne
2356 2694 2605 2765 sentire

372 2798 635 2898 quidem
685 2800 840 2871 illos
889 2800 1104 2889 ictuS,
1177 2797 1295 2869 sed
1361 2821 1611 2868 summa
1675 2820 1823 2868 cum
1875 2796 2351 2892 tranquillitate
2404 2795 2604 2865 animi

373 2903 714 2999 adspicere
767 2925 995 2971 manus
1047 2923 1201 2970 suas
1252 2890 1607 2970 videatur?
1675 2893 2050 2970 Welckero
2088 2895 2374 2993 quidem,
2428 2896 2604 2992 quod

371 3002 522 3096 filii,
575 3010 649 3074 ut
700 3002 784 3073 ad
832 3001 1108 3072 malleos
1160 2998 1539 3072 tractandos
1593 2998 1945 3089 destinati,
1996 2998 2225 3068 matris
2277 3021 2434 3069 suae
2487 3021 2604 3068 ca-

370 3114 494 3201 put
541 3099 759 3176 tantis
792 3102 1193 3200 ponderibus
1247 3101 1735 3195 commitigent,
1801 3097 1964 3170 tam'
1997 3098 2218 3194 lepide
2267 3097 2602 3169 inventum
2722 3164 2730 3174 ,

372 3207 672 3296 videtur,
738 3229 937 3302 quarn
997 3202 1171 3300 quod
1221 3200 1640 3292 Mercurius,
1710 3198 2101 3296 simulatque
2150 3206 2345 3269 natus
2396 3208 2598 3289 esset,
2724 3220 2730 3224 ·

372 3308 693 3380 fefellisse
743 3314 1017 3377 matrem
1052 3312 1120 3376 et
1158 3304 1414 3374 furatus
1454 3327 1602 3374 esse
1632 3302 1834 3373 boves
1860 3301 2198 3398 Apollinis
2241 3298 2600 3398 dictussit.

571 3454 764 3555 Ergo
830 3456 1002 3554 quod
1062 3455 1339 3528 -Palicos
1400 3454 1551 3527 istis
1617 3453 1897 3550 picturis
1963 3475 2322 3548 expressos
2381 3458 2598 3547 putat,

370 3560 460 3633 ad
506 3561 675 3631 haee
722 3560 853 3631 tria
901 3556 1100 3648 redit,
1151 3557 1327 3654 quod
1374 3558 1647 3630 iuvenes
1690 3578 1959 3629 numero
1991 3554 2126 3626 duo
2165 3554 2359 3639 sint5-
2392 3553 2594 3648 quod,

369 3673 448 3735 ut
494 3660 792 3734 Vulcani
841 3661 950 3731 vel
998 3659 1123 3730 filii
1173 3660 1282 3732 vel
1331 3667 1649 3754 nepotes,
1702 3656 1873 3728 fabri
1922 3680 2069 3727 esse
2120 3653 2380 3726 ferrarii
2429 3678 2593 3748 pos-

368 3765 542 3853 sint3
610 3763 788 3859 quod
839 3785 1031 3857 quam
1081 3768 1353 3833 matrem
1405 3784 1633 3831 eorum
1683 3782 1831 3846 esse
1880 3764 2110 3853 putat,
2160 3755 2430 3827 ramulis
2483 3756 2691 3856 relss

368 3868 607 3940 arbore
658 3865 912 3937 Thalia
974 3887 1124 3935 esse
1176 3859 1613 3958 significetur.
1712 3860 1809 3931 At
1857 3882 1983 3931 nec
2047 3858 2160 3955 qni
2228 3857 2357 3928 duo
2409 3865 2587 3947 sunt,
2680 3873 2688 3877 ·

370 3978 727 4065 propterea
776 3974 929 4040 sunt
978 3966 1171 4036 etiam
1224 3963 1472 4053 Palici,
1523 3986 1647 4034 nec
1680 3960 1951 4044 Palieos
2001 3959 2224 4031 fabros
2275 3958 2587 4030 ferrarios
2627 3989 2631 4000 ·

373 4095 520 4141 esse
570 4070 649 4140 ab
700 4068 841 4140 ullo
891 4066 1216 4162 scriptore
1266 4073 1574 4137 testatum
1626 4071 1754 4155 est,
1804 4087 1930 4135 nee
1980 4062 2341 4150 mulierem,
2395 4083 2586 4158 quam

300 4161 303 4168 A
371 4165 640 4243 iuvenes
692 4169 956 4260 feriunt,
1007 4175 1279 4241 matrem
1306 4187 1554 4238 *eorum
1605 4189 1755 4237 esse
1806 4164 1888 4235 ob
1924 4186 2037 4235 eas
2078 4186 2390 4251 caussas„
2422 4182 2584 4257 quas

372 4296 576 4369 supra
624 4272 842 4362 attuli,
894 4269 1078 4344 credi
1126 4277 1375 4365 potest.
1475 4264 1711 4364 Itaque
1745 4265 1984 4338 missos
2022 4264 2268 4355 facere,
2320 4261 2580 4358 opinor,

371 4374 443 4447 in
489 4373 768 4473 picturis
818 4371 1080 4469 quidem
1124 4371 1265 4450 illis
1314 4369 1585 4443 Palicos
1636 4367 2004 4467 oportebit,
2065 4374 2140 4441 et
2186 4362 2381 4442 fateri
2428 4363 2583 4435 nul-
