3192 4992
904 343 1005 405 ΒΕ
1046 343 1423 404 AESCHYLI
1460 343 2034 406 PSYCHOSTASIA.
2453 344 2580 415 361

356 508 429 582 in
478 507 754 607 Septem
804 507 890 580 ad
938 508 1215 581 Thebas
1270 534 1339 583 v,
1390 511 1568 586 907.
1621 507 1958 586 στένουσι
2006 506 2300 614 πύργοι,
2351 511 2586 591 στένει

356 608 587 685 πέδον
633 607 1075 708 φίλανδρον.

558 710 708 784 Non
762 713 974 785 minus
1027 710 1433 784 cornmodum
1483 707 1735 807 νήσοις
1771 709 2333 811 νηριτοτρόφοις
2364 715 2582 790 locum

357 813 636 886 inveniri
687 814 997 903 licebat3.
1037 839 1168 886 non
1220 810 1494 885 lacunae
1547 837 1705 886 sane
1756 815 2031 906 indicio,
2084 817 2198 888 sed
2256 817 2426 912 quod
2478 817 2587 889 fa·-

360 915 488 987 cile
540 916 932 1007 versiculus,
985 916 1097 1011 qui
1151 914 1231 986 ad
1286 916 1674 987 sententiam
1730 940 1861 988 non
1913 926 2091 988 esset
2140 919 2581 1012 necessariae,
2713 1000 2724 1005 ,

359 1038 526 1113 quae
577 1017 923 1088 multarum
980 1016 1402 1089 omissionum
1454 1040 1691 1089 caussa
1740 1017 1890 1108 fuit,
1937 1018 2193 1115 negligi
2245 1021 2325 1092 ab
2375 1016 2587 1092 libra·-

357 1118 479 1190 riis
510 1119 771 1214 potuit.
871 1116 1039 1190 Nam
1094 1142 1159 1190 v-
1195 1119 1372 1193 918.
1423 1118 1702 1190 Xerxes
1754 1119 1836 1190 de
1877 1119 2066 1191 clade
2104 1128 2379 1219 accepta
2422 1146 2590 1219 que-

357 1240 513 1292 rens
563 1220 730 1293 haec
779 1220 977 1294 <licita

613 1371 764 1444 εἴθ’
824 1370 1060 1467 ὤφελε
1109 1365 1299 1453 Ζεὺς
1344 1366 1534 1465 κάμὲ
1583 1368 1746 1466 μετ’
1806 1367 2117 1470 ἀνδρῶν
2592 1393 2688 1466 18

608 1479 766 1548 τῶν
796 1469 1226 1566 ὀἰχομένων
1484 1544 1489 1549 ,
1765 1466 1781 1481 ’

722 1651 731 1660 ,
814 1570 1164 1648 θανάτου
1211 1567 1405 1646 κάτα
1452 1576 1684 1669 μοῖρα
1731 1570 2090 1672 καλύψαι.

359 1722 596 1797 Facile
646 1726 890 1798 sentiat
940 1725 1087 1821 quis
1138 1724 1405 1825 gravius
1456 1724 1624 1796 haee
1674 1724 1805 1798 dici
1859 1727 2154 1823 potuisse
2205 1734 2275 1799 et
2324 1727 2588 1827 'signifi-

361 1828 647 1919 cantius,
700 1827 759 1898 si
807 1829 1024 1918 loeus,
1076 1827 1145 1898 in
1197 1848 1326 1922 quo
1378 1846 1451 1897 se
1503 1851 1648 1899 eum
1702 1827 1853 1899 aliis
1904 1829 2159 1925 perisse
2204 1834 2414 1926 optat,
2465 1830 2589 1903 (le-‘-

362 1928 760 2025 signaretur.
860 1926 1097 2026 Itaque
1148 1951 1382 2019 nemo,
1436 1928 1713 2024 opinor,
1766 1928 2094 2026 vituperet
2143 1930 2244 2003 sic
2294 1924 2582 2031 scripta:
2635 2000 2642 2009 ,

612 2078 921 2176 ὤφελεν,
973 2072 1036 2152 ὦ
1087 2083 1267 2169 Ζεῦ,
1317 2076 1506 2174 κάμὲ
1554 2078 1716 2176 μετ’
1778 2075 2086 2178 ἀνδρῶν
2151 2112 2166 2138 ¹

470 2244 475 2251 .
609 2187 767 2256 τῶν
816 2178 1226 2275 οἰχομένων

611 2279 777 2380 περί
826 2309 975 2356 που
1023 2277 1297 2376 νήσους
1343 2275 1925 2378 νηριτοτρόφους

817 2378 1166 2458 θανάτου
1213 2377 1407 2456 κάτα
1455 2386 1684 2478 μοῖρα
1731 2377 2085 2480 καλύψαι.

360 2533 804 2607 Firmioribus
855 2558 1017 2631 ergo
1053 2533 1455 2629 argumentis
1489 2558 1655 2630 opus
1687 2534 1840 2625 erit,
1895 2558 2085 2631 quam
2122 2533 2355 2631 quibus
2387 2533 2593 2607 Wel-

365 2636 607 2710 chorus
672 2661 829 2708 usus
881 2646 1021 2727 est,
1091 2638 1150 2706 si
1203 2635 1350 2731 quis
1414 2644 1482 2706 et
1520 2632 1739 2709 Ἰλίου
1804 2633 2063 2732 πέρσιν
2126 2637 2207 2708 ab
2257 2635 2592 2734 Aeschylo

363 2738 676 2835 scriptam
730 2762 903 2829 esse,
957 2748 1026 2809 et
1077 2760 1217 2809 eam
1271 2736 1676 2831 tragoediam
1729 2738 1810 2808 ab
1844 2738 2216 2828 Athenaeo,
2270 2739 2351 2809 ab
2393 2740 2595 2811 scho-

363 2839 561 2913 liasta
588 2839 1056 2936 Hermogenis,
1110 2845 1306 2934 atque
1357 2838 1522 2909 adeo
1574 2839 1656 2908 ab
1706 2839 1856 2936 ipso
1885 2839 2253 2912 Aristotele
2305 2865 2594 2913 comme-

364 2950 680 3013 moratam
734 2941 1036 3013 evincere
1088 2940 1396 3010 voluerit.
1496 2938 1830 3012 Perfacile
1885 2950 1988 3011 est
2038 2939 2347 3028 credere3
2416 2944 2593 3016 scire

366 3040 679 3115 difficile:
762 3041 880 3113 sed
932 3040 1210 3114 scientia
1262 3063 1301 3110 a
1352 3040 1664 3132 sciendo,
1735 3064 1959 3139 nona
2009 3040 2336 3113 credendo
2388 3042 2592 3137 dicta,

365 3168 491 3217 nee
539 3144 725 3240 sciri,
777 3142 905 3216 nisi
957 3151 1165 3235 certa,
1218 3141 1401 3214 credi
1451 3150 1669 3218 autem
1719 3141 1918 3215 etiam
1968 3165 2135 3214 vana
2181 3152 2486 3238 possunt.
