3192 4992
657 326 783 395 114
1265 329 1365 430 IJE
1408 326 1701 388 offlclo
1743 323 2261 388 INTERPRETIS.

560 495 862 581 17miror
908 493 1225 567 Dissenio
1243 546 1268 586 ,
1341 492 1454 590 qui
1505 493 1672 564 alias
1723 493 1893 564 nihil
1941 517 2075 564 non
2123 479 2392 588 proprie
2442 490 2657 587 accipi
2708 490 2874 580 vult,

655 597 1101 694 metaphorice
1132 595 1379 667 dictum
1412 593 1642 666 videri.
1726 583 1907 683 Nam·
1931 594 2051 666 vix
2076 593 2357 664 dubitari
2383 600 2638 688 potest,
2691 592 2881 687 quin„

651 707 999 795 postquam
1065 696 1239 793 apud
1288 695 1690 786 Hieronem,
1760 720 1950 792 quem
2001 694 2308 766 valetudo
2359 691 2712 788 Syracusis
2763 717 2880 764 re-

652 800 928 889 tinebat,
982 808 1311 870 cantatum
1362 806 1539 870 esset
1587 797 1718 869 hoc
1753 820 2040 887 carmen,
2096 795 2330 867 deinde
2360 797 2558 870 etiam
2589 798 2874 886 Aetnae,

653 925 819 997 quae
870 901 1113 972 victrix
1162 900 1545 971 renunciata
1611 921 1804 994 quam
1867 898 2185 969 maximas
2236 897 2628 969 festivitates
2678 896 2879 968 insti-

648 1011 837 1074 tuere
889 1001 1191 1090 debehat,
1243 1000 1417 1098 apud
1460 998 1896 1071 Dinomenem
1947 1000 2090 1074 eius
2140 999 2322 1070 urbis
2371 999 2877 1094 gubernatorem
2996 1004 3002 1008 ⁴

649 1104 852 1178 fuerit
900 1103 1276 1199 repetitum.
1379 1101 1797 1174 Documento
1849 1107 1953 1172 est
1994 1124 2256 1172 carmen
2283 1100 2524 1195 ipsum,
2578 1107 2652 1170 ut
2678 1122 2878 1196 prae-

571 1245 577 1257 ι
651 1205 844 1301 cipue
895 1203 978 1275 ad
1028 1202 1416 1275 laudandam
1467 1202 1638 1274 hanc
1679 1202 1900 1273 urbem
1938 1202 2390 1298 compositum.
2492 1200 2729 1296 Itaque
2761 1225 2877 1271 ur-
2917 1234 2921 1237 ·

526 1321 530 1332 '
650 1307 798 1377 bem
845 1305 977 1375 iam
1028 1327 1270 1377 canens
1319 1312 1559 1400 poeta,
1633 1303 1942 1398 civesque
1995 1304 2137 1374 eius
2189 1302 2597 1393 Dorienses,
2651 1301 2877 1372 Hera-

651 1404 971 1480 clidarum
1021 1405 1311 1477 nobilem
1357 1404 1784 1502 progeniem,
1855 1404 2183 1476 libertatis
2236 1413 2305 1476 et
2352 1428 2606 1480 morum
2657 1403 2877 1475 avito-
2910 1460 2931 1474 .

648 1531 795 1579 rum
843 1531 1112 1579 severos
1164 1507 1512 1596 custodes,
1582 1513 1895 1601 precatur
1945 1514 2019 1577 ut
2067 1513 2210 1577 tuta
2260 1505 2340 1577 ab
2384 1504 2684 1577 hostibus
2734 1528 2879 1575 ma·-

647 1617 843 1700 neat,
915 1633 1080 1705 quos
1128 1608 1419 1679 feliciter
1469 1607 1788 1679 devicerit
1837 1604 2090 1697 Hiero,
2156 1607 2438 1703 insignis
2490 1606 2875 1679 clarissimis

649 1710 847 1782 etiam
899 1711 1050 1781 aliis
1103 1710 1400 1782 victoriis
1420 1761 1446 1801 ,
1512 1717 1586 1781 ut
1635 1708 1834 1779 facile
1886 1732 2200 1804 spernere
2264 1708 2478 1804 possit
2524 1707 2874 1779 invidiamz

650 1836 782 1907 quo
832 1811 903 1883 in
956 1835 1154 1883 cursu
1206 1812 1467 1883 virtutis
1501 1810 1823 1901 ,hortatur
1872 1818 1945 1881 ut
1994 1818 2277 1899 maneat,
2329 1809 2754 1904 liberalisque
2807 1817 2878 1880 et

645 1912 861 1984 iustus
914 1920 984 1983 et
1032 1913 1320 1985 clemens
1372 1913 1485 2001 sit,
1540 1911 1810 2007 egregie
1849 1908 2089 1983 Croesi
2139 1911 2512 2007 exemplum
2563 1918 2630 1982 et
2668 1910 2738 1981 in
2773 1910 2879 1981 al-

644 2021 853 2086 teram
918 2022 1173 2110 partem
1235 2012 1635 2085 Phalaridis.
1680 2036 2100 2109 proponens,
2183 2012 2243 2084 si
2310 2036 2530 2085 veram
2580 2012 2742 2102 velit
2807 2016 2878 2086 et

642 2139 780 2187 non
827 2116 1209 2187 morituram
1260 2114 1539 2212 adipisci
1591 2114 1897 2211 gloriam.
2125 2177 2131 2190 .

847 2216 1195 2314 Apparere
1248 2242 1335 2288 ex
1384 2217 1489 2289 his
1540 2224 1744 2312 puto,
1812 2216 1871 2287 si
1919 2215 2028 2307 id,
2105 2213 2279 2311 quod
2330 2213 2628 2288 debuerit
2675 2222 2876 2311 poeta

643 2342 768 2415 pro
834 2320 932 2390 rei
1002 2342 1195 2415 quam
1261 2318 1669 2391 tractandam
1739 2318 1993 2414 recepit
2049 2324 2297 2389 natura
2360 2315 2620 2407 dicere,
2690 2324 2872 2387 recte

642 2429 1030 2517 perceptum
1083 2421 1213 2511 sit,
1286 2420 1483 2494 facile
1538 2421 1735 2491 etiam
1788 2419 2111 2516 quomodo
2164 2418 2233 2488 id
2285 2417 2531 2489 dixerit
2582 2417 2874 2513 perspici

642 2545 883 2622 posse:
951 2520 1068 2591 sed
1120 2545 1159 2591 a
1208 2522 1537 2618 principio
1605 2521 1665 2592 si
1716 2520 2091 2596 aberratum
2135 2520 2376 2608 fuerit,
2449 2520 2756 2616 impediri
2807 2525 2875 2590 et

641 2622 1017 2716 perturbari
1069 2646 1322 2702 omnem
1390 2622 1612 2716 operis
1677 2622 2211 2716 intelligentiam.
2313 2618 2437 2692 Sic
2486 2622 2694 2716 igitur
2744 2621 2873 2693 etsi

643 2721 939 2793 videmus
1002 2745 1137 2791 non
1200 2721 1394 2792 modo
1469 2722 1756 2817 simplici
1827 2729 1893 2792 et
1956 2722 2154 2817 plana
2204 2722 2459 2793 ratione
2512 2723 2876 2794 cohaeren-

626 2821 803 2922 tiam
856 2821 1162 2893 carminis
1215 2845 1469 2894 omnem
1521 2822 1881 2918 explicari,
1926 2822 2043 2894 sed
2096 2823 2293 2909 etiam
2335 2824 2673 2918 aptissime
2715 2848 2874 2921 par-

642 2930 746 2995 tes
796 2923 973 2993 inter
1021 2946 1094 2993 se
1147 2946 1296 2994 esse
1351 2946 1727 2996 connexas:
1793 2931 2009 2994 tamen
2059 2949 2193 2996 non
2236 2925 2343 2995 ita
2393 2924 2701 2997 debemus
2754 2950 2874 2997 an-

641 3024 969 3121 tiquitatis
1023 3023 1298 3120 quadam
1349 3017 1547 3097 caeca
1596 3024 2034 3110 admiratione,
2090 3027 2340 3117 teneri,
2422 3035 2494 3098 ut
2557 3051 2689 3098 non
2752 3051 2874 3098 au·
2980 3097 2983 3100 .

644 3126 912 3199 deamus
965 3126 1161 3198 etiam
1208 3127 1609 3222 vituperare,
1663 3126 1720 3197 si
1773 3126 1930 3221 quid
1981 3128 2192 3199 minus
2243 3136 2424 3200 recte
2469 3128 2715 3200 dictum
2765 3129 2875 3199 in·-

642 3229 968 3300 veniatur.
1071 3225 1440 3300 Verissime
1493 3228 1666 3299 enim
1716 3225 2071 3324 Longinus
2124 3254 2186 3301 c.
2238 3227 2615 3300 XXXIII.
2675 3230 2751 3304 5.
2832 3227 2871 3302 ὅ

639 3327 724 3406 δὲ
763 3326 1149 3427 Πίνδαρος
1195 3327 1323 3402 καὶ
1374 3327 1413 3402 ὅ
1445 3335 1843 3432 Σοφοζλῆς
1894 3326 2013 3403 ὁτὲ
2063 3327 2203 3424 μὲν
2249 3328 2410 3403 οἷον
2443 3325 2689 3404 πάντα
2717 3332 2874 3406 ἐπι-

641 3428 993 3531 φλέγουσι
1058 3436 1148 3525 τῇ
1216 3438 1456 3528 φορᾷ,
1530 3428 1982 3528 σβέννυνται
2045 3429 2119 3505 δ’
2193 3427 2480 3532 ἀλόγως
2528 3427 2874 3515 πολλάκις

523 3612 538 3630 ⁸
605 3529 767 3605 ’καὶ
814 3528 1210 3629 πίπτουσιν
1261 3529 1741 3626 ἇτυχέστατα.
1841 3532 1942 3606 Et
1988 3534 2060 3605 in
2109 3534 2239 3606 hoc
2290 3533 2551 3631 quidem
2585 3535 2869 3607 carmine

639 3631 712 3704 id
760 3631 1055 3705 Pindaro
1109 3633 1353 3707 accidit
1398 3635 1469 3704 in
1519 3634 1666 3706 his:
2198 3659 2203 3664 ·

2160 3783 2199 3858 ὃ
2252 3782 2335 3859 δὲ
2386 3779 2601 3887 λόγος

844 3878 1153 3967 ταύταις
1201 3883 1319 3960 ἐπὶ
1371 3884 1800 3981 συντυχίαις
1849 3881 2082 3969 δόξαν
2131 3885 2335 3983 φέρει

848 3982 1106 4062 λοιπὸν
1155 3987 1510 4062 ἔσσεσθαι
1554 3983 1986 4087 στεφάνοισι
2020 3984 2170 4074 σὺν
2194 3989 2441 4071 ἵπποις
2480 4017 2558 4061 τε
2589 3987 2870 4064 κλυτὰν

604 4310 620 4322 2
634 4269 882 4347 'racusis,
936 4275 1098 4334 altera
1137 4274 1339 4337 Aetnae
1382 4277 1612 4339 canenda
1644 4281 1837 4352 fuerit,
1886 4287 1981 4339 ⁴aut
2021 4284 2071 4339 si
2112 4281 2381 4358 utrubique
2421 4288 2666 4357 utraque,
2709 4281 2870 4340 altera

654 4364 820 4422 altem
855 4362 974 4426 hm
1011 4364 1200 4438 inepte.
1334 4421 1342 4432 ,
2075 4361 2089 4388 ‘'
2441 4350 2454 4371 ’
