3192 4992
872 358 1462 422 EMENDATIONES
1507 358 1978 422 Pmmmcm
2410 358 2533 426 1⁵5

1038 572 1879 650 ΡΥΤΗ.νιι.Ἴ
2529 543 2709 655 3'

518 726 604 799 Iu
663 726 942 801 Pindari
1006 728 1286 854 septimo
1352 728 1642 802 carmine
1703 727 1986 855 Pythico
2052 727 2225 825 quod
2289 752 2358 800 v-
2414 732 2532 804 18.

321 828 524 901 edidit
550 828 964 956 BoeckhiuS,
1014 829 1147 926 νέα
1196 828 1271 905 δ’
1331 827 1698 957 εὐπραγία
1737 825 2021 957 χαίρω·
2087 826 2163 903 τί
2193 825 2434 904 τόδ’
2398 831 2535 925 οἰχ-

318 957 553 1025 νυμαι
604 923 909 1028 φθόνον
959 927 1460 1028 ἀμειβόμενον
1506 931 1698 1006 καλὰ
1749 932 1968 1032 ἔργα,
2021 955 2216 1027 quum
2266 940 2445 1005 esset
2494 954 2537 1003 a

317 1056 420 1104 me
471 1040 828 1131 propterea
876 1034 1218 1124 reiectum,
1273 1033 1448 1130 quod
1495 1034 1666 1107 haec
1713 1032 1975 1106 dicendi
2023 1033 2235 1106 forma
2275 1032 2538 1130 signifi-

316 1142 502 1208 caret
550 1158 711 1208 non
758 1133 1020 1210 doleo.-
1086 1135 1435 1208 defendere
1484 1134 1604 1207 ille
1653 1135 2045 1231 scripturam
2094 1135 2175 1206 ab
2227 1158 2301 1208 se
2349 1134 2539 1233 posi-

315 1246 452 1307 tam
516 1235 768 1309 studuit
828 1237 900 1334 in
959 1236 1541 1333 Explicationibus
1606 1261 1678 1334 p.
1744 1238 1921 1313 306.
2041 1233 2297 1308 Verum
2361 1235 2537 1333 quod

312 1338 589 1409 scribit·
642 1338 760 1428 „si
790 1338 939 1411 dico
991 1336 1188 1441 quid
1225 1337 1367 1411 Ιιοο
1415 1336 1813 1437 indignor,
1867 1345 1970 1410 est
2001 1338 2131 1413 hoc
2161 1336 2539 1437 indignor

315 1437 650 1539 quidemn,
701 1438 846 1512 sed
885 1464 1043 1514 non
1091 1450 1212 1513 est
1255 1438 1467 1542 quod
1503 1438 1953 1539 indigner-st
2011 1440 2083 1512 id
2130 1440 2275 1537 ipse
2324 1441 2539 1512 fatea-

317 1548 431 1611 tur
477 1564 753 1613 necesse
819 1550 923 1613 est
986 1566 1116 1614 non
1181 1542 1415 1614 cadere
1482 1542 1551 1612 in
1619 1541 1796 1614 hunc
1843 1542 2086 1614 locum.
2204 1540 2314 1614 Ita
2362 1541 2537 1613 enim

317 1641 512 1737 sequi
561 1642 830 1714 deberet
876 1637 1064 1742 7029:
1114 1650 1184 1715 at
1223 1650 1581 1739 sequuntur
1629 1668 1712 1742 γε
1739 1639 1899 1736 μὰν
1927 1642 2343 1739 particulae,
2369 1666 2536 1739 quae

316 1742 436 1815 isti
485 1745 991 1840 interrogationi
1039 1751 1431 1840 repugnant.
1530 1742 1630 1816 Et
1680 1745 1834 1841 quid
1886 1752 2029 1816 erat
2078 1745 2253 1841 quod
2284 1744 2539 1817 Pinda-

317 1869 463 1935 rus,
518 1845 578 1916 si
626 1845 795 1918 illud
843 1845 1201 1936 voluisset,
1252 1870 1384 1918 non
1434 1846 1755 1919 scriberet
1802 1840 1973 1919 τόδε
2025 1843 2100 1920 δ’
2159 1846 2539 1941 ἅχνυμαιὲ

305 1943 820 2074 Ἀρίσταρχος,
886 1947 1049 2021 dicit
1097 1946 1488 2020 scholiastes
1502 1998 1528 2039 ,
1575 1946 2145 2074 συμβεβηκέναι
2207 1946 2414 2044 αὐτῷ
2464 1972 2539 2020 τι

315 2044 745 2141 σύμπτωμα
792 2047 959 2143 περὶ
1008 2046 1144 2146 τὴν
1189 2044 1405 2144 νίκην
1452 2043 1771 2144 ταύτην·
1824 2047 2012 2123 ὅθεν
2059 2046 2187 2123 καί
2235 2071 2418 2147 φησι
2448 2046 2538 2122 τὸ

319 2146 459 2242 μὲν
501 2147 821 2245 χαίρειν,
868 2147 958 2223 τὸ
1008 2143 1091 2224 δὲ
1143 2150 1552 2244 ἄχνυσθαι,
1604 2146 1911 2248 φθόνου
1951 2148 2151 2233 τινὸς
2190 2176 2540 2247 παρακει-

316 2276 551 2343 μενου
598 2256 752 2333 τοῖς
798 2254 1048 2333 καλοῖς
1095 2251 1365 2351 ἔργοις·
1438 2250 1636 2325 οὕτω
1697 2250 1950 2345 μέντοι
2014 2278 2123 2378 γε
2143 2250 2541 2352 γίγνεσθαι

317 2349 1071 2580 ἷξέῗνζίἴὲἶῗιῗαῖῗ
1116 2349 1926 2549 “immam
1902 2356 2094 2525 ⁶5:35¹
2093 2379 2269 2527 ‘1030
2288 2361 2543 2551 {232⁴ss

317 2550 443 2627 τό·
513 2552 600 2628 τὸ
651 2551 724 2628 δ’
784 2553 1156 2650 ἄχνυμαι,
1219 2554 1318 2625 ita
1365 2555 1655 2650 legebat,
1707 2561 1781 2625 ut
1828 2554 1983 2626 libri
2032 2556 2312 2646 habent,
2366 2554 2541 2652 quod

317 2657 573 2730 dictum
623 2664 728 2728 est
773 2657 1177 2728 rectissime.
1257 2653 1390 2752 νέᾳ
1439 2652 1514 2729 δ’
1584 2652 1948 2782 εὐπραγίᾳ
1988 2654 2233 2753 χαίρω
2281 2684 2387 2730 τι·
2452 2653 2541 2731 τὸ
2614 2667 2621 2676 “

320 2755 393 2831 δ”
451 2758 815 2853 ἄχνυμαι,
865 2753 1171 2854 φθόνον
1217 2751 1718 2855 ἀμειβόμενον
1764 2754 1955 2830 καλα
2003 2758 2204 2859 ἐᾞργα

1032 3007 1480 3083 PYTH.
1579 3005 1839 3082 VIII.

528 3159 683 3234 Non
731 3169 915 3234 recte
958 3161 1316 3235 indicatum
1349 3161 1541 3234 video
1584 3161 1667 3233 de
1695 3169 2016 3258 tempore,
2069 3186 2198 3258 quo
2228 3161 2544 3257 scriptum

319 3263 410 3336 sit
469 3272 771 3337 octavum
822 3287 1083 3336 carmen
1133 3262 1505 3358 Pythicum.
1605 3262 1775 3335 Nam
1817 3262 1912 3336 Ο.
1937 3264 2296 3353 Miillerns,
2349 3287 2544 3358 quum

322 3366 391 3436 in
418 3365 838 3460 Aegineticis
886 3391 958 3462 p.
992 3369 1164 3441 177.
1215 3389 1276 3436 s.
1327 3364 1502 3460 quod
1551 3365 1824 3437 liberam
1850 3365 2324 3461 Aeginetarum
2370 3388 2547 3436 rem-

324 3468 660 3563 publicam
721 3466 980 3538 laudari
1029 3491 1070 3538 a
1115 3465 1408 3539 Pindaro
1458 3466 1751 3557 videret,
1822 3465 1990 3537 illud
2054 3465 2314 3563 quidem
2362 3472 2546 3538 recte

328 3567 819 3656 contendisset,
869 3593 1000 3640 non
1051 3592 1249 3666 posse
1300 3568 1644 3642 victoriam
1671 3566 2110 3641 Aristomenis
2161 3565 2244 3638 ad
2269 3565 2549 3661 Pythia·-

330 3669 484 3743 dem
529 3667 862 3742 XXXV.
914 3693 1106 3765 quam
1152 3670 1377 3766 posuit
1425 3669 1842 3761 scholiastes,
1892 3668 2130 3741 referri
2145 3719 2170 3759 ,
2224 3667 2376 3764 quia
2422 3668 2555 3741 illo·

332 3781 630 3868 tempore
707 3772 777 3843 in
840 3778 1169 3867 potestate
1228 3770 1730 3843 Atheniensium
1794 3771 1993 3842 fuerit
2055 3770 2357 3865 Aegina,
2430 3766 2547 3867 λβ

273 3959 282 3972 ,
336 3873 542 3945 scribi
586 3872 658 3944 in
704 3873 837 3946 isto
889 3873 1143 3946 scholio
1193 3872 1429 3965 voluit,
1482 3872 1659 3968 quod
1708 3896 1788 3945 eo
1820 3880 2113 3969 tempore
2138 3894 2370 3944 recens
2399 3870 2550 3944 fue-

335 3975 428 4047 rit
473 3975 788 4048 memoria
836 3999 1094 4072 pugnae
1144 3976 1395 4047 navalis
1448 3975 1531 4047 ad
1580 3972 2117 4071 Cecryphaleam.
2217 3971 2326 4045 Ea
2376 3974 2548 4045 enim

219 4081 230 4095 ⁸
337 4077 410 4150 in
455 4100 678 4173 pugna
726 4078 855 4149 etsi
904 4077 1143 4149 vicisse
1191 4076 1633 4149 Athenienses
1683 4076 1764 4147 ab
1814 4075 2150 4147 historicis
2201 4075 2291 4147 sit
2339 4074 2552 4145 tradi-

340 4185 503 4269 tm,
529 4210 536 4218 ·
559 4187 635 4250 ut
684 4179 765 4249 ab
817 4177 1209 4274 Thucydide
1258 4176 1323 4250 Ι.
1381 4179 1552 4253 105.
1603 4185 1672 4250 et
1719 4176 2023 4250 Diodoro
2072 4175 2216 4249 XI.
2265 4178 2391 4249 78.
2439 4182 2549 4245 ta-

344 4303 485 4351 men
535 4280 921 4377 Aeginetis,
990 4304 1264 4377 quorum
1326 4304 1435 4353 res
1498 4279 1764 4352 fortiter
1811 4285 2036 4375 gestas
2083 4279 2215 4352 hoc
2262 4275 2599 4354 carminat}

257 4453 261 4462 ,
342 4381 565 4455 laudet
612 4381 939 4455 Pindarus
956 4433 979 4473 ‚
1058 4381 1399 4456 victoriam
1465 4405 1593 4479 qna
1656 4388 1845 4479 parte
1892 4380 2024 4479 ipsi
2074 4377 2378 4453 steterint
2425 4377 2548 4450 ad-
