3192 4992
1013 359 1115 420 m:
1154 357 1530 421 AESCHYLI
1567 361 1966 425 summis.
2029 377 2033 400 ·
2095 351 2102 357 ’
2467 364 2598 435 817

360 520 678 607 τναίαις.
781 521 1043 616 Codex3
1094 533 1171 600 ut
1220 550 1421 645 supra
1471 527 1742 628 dictum,
1796 526 2176 619 λιανοίαις,
2228 532 2402 652 quud
2442 558 2599 609 eor-
2665 609 2714 630 ᾖ,

361 635 627 725 ruptum
681 650 830 698 esse
885 626 1147 698 videns
1161 618 1533 700 Favorinus
1582 654 1819 701 nomen
1870 629 2131 705 fabulae
2181 635 2454 720 omisit.

344 795 353 800 ,
572 721 945 822 Hesychius
977 727 1471 801 etFavorinus.
1523 728 2103 823 κρείττονας·
2155 732 2331 817 τοὺς
2351 732 2599 831 ἥρωας

362 827 564 903 οὕτω
616 827 978 928 λεγουσιν.
1052 827 1357 904 δοκουσι
1411 829 1493 905 δε
1542 827 1941 927 κακότυχοί
1971 860 2166 917 τινες
2190 833 2414 909 εἶναι·
2468 835 2596 911 διὰ

357 936 586 1004 τοῦτο
649 929 780 1004 καὶ
844 926 1233 1022 παριόντες
1293 929 1391 1004 τὰ
1452 929 1694 1028 ἦριόὶα
1732 931 1977 1060 σιγὴν
2043 936 2295 1029 ἔχουσι
2357 934 2461 1034 μή
2524 967 2599 1012 τι

356 1032 747 1159 βλαβῶσι·
799 1030 927 1105 καὶ
978 1031 1048 1104 οἱ
1097 1032 1268 1107 θεοὶ
1317 1032 1432 1107 δέ·
1505 1031 1876 1128 Αἰσχύλος
1908 1039 2169 1134 Αἴτνα.
2271 1038 2412 1112 Pro
2461 1068 2599 1114 κα-

228 1172 235 1182 ,
357 1128 666 1227 κότυχοι
716 1158 804 1205 ex
854 1134 1100 1205 Photio
1151 1135 1559 1216 scribendum
1614 1135 2027 1211 κακωτικοί

571 1232 987 1307 Scholiastes
1024 1235 1318 1308 Homeri
1382 1236 1465 1307 ad
1515 1236 1718 1310 Iliad.
1762 1237 1984 1332 ΧῪΙ.
2043 1242 2215 1314 183.
2278 1238 2413 1316 τὸν
2460 1236 2600 1315 κά-
2725 1237 2732 1246 '

362 1341 609 1430 λαμον
658 1333 804 1438 γὰρ
855 1344 1011 1411 τῶν
1057 1338 1307 1432 βελῶν
1354 1365 1545 1421 τινες
1591 1325 1969 1435 ἠλακάτην
2020 1339 2232 1438 φασι,
2282 1341 2409 1415 καὶ
2457 1347 2599 1415 Az-

363 1433 636 1532 σχύλος
711 1440 795 1512 ἐν
857 1442 1169 1522 Αἴτναις
1232 1436 1405 1521 τοὺς
1473 1438 1950 1537 ποταμοὺς
2010 1440 2599 1586 πολυηλακοί-

361 1566 584 1621 τους
741 1536 838 1611 σί.

570 1566 965 1736 IJ'OULydus
1033 1640 1113 1712 (le
1177 1641 1506 1715 mensibus
1556 1641 1796 1737 fragm.
1846 1668 1918 1739 Ρ.
1972 1646 2148 1718 274.
2214 1643 2322 1716 ed.
2372 1645 2596 1740 Hasii,

362 1766 440 1839 Ρ.
500 1744 684 1831 116,
736 1745 812 1818 6.
867 1742 975 1813 ed.
1026 1741 1365 1834 Bekkeri,
1438 1743 1519 1814 de
1572 1740 1912 1816 Saturno.
1979 1743 2105 1819 καὶ
2158 1746 2600 1841 βασιλεῦσαι

365 1839 453 1916 δὲ
507 1841 738 1917 αὐτὸν
789 1839 834 1939 ἦ
873 1840 1163 1938 ἱστορία
1205 1840 1749 1940 παραδίδωσιν,
1787 1842 1906 1973 ,ὥς
1940 1846 2443 1941 ἔμπροσθεν’
2402 1875 2600 1947 αφη-

363 1940 753 2072 γησοίμην,
809 1972 996 2017 κατα
1047 1973 1125 2017 τε
1175 1941 1313 2039 τὴν
1342 1941 1667 2073 Λιβύην
1714 1943 1843 2019 καὶ
1893 1944 2244 2022 Σικελίαν
2297 1948 2600 2044 [οἰκίσαι

363 2072 445 2118 τε
495 2043 670 2128 τοὺς
716 2042 1021 2141 τό]πους
1059 2043 1185 2119 καὶ
1235 2041 1514 2139 [πόλιν]
1557 2043 1827 2136 κτισαι,
1881 2046 1982 2132 ὥς
2014 2046 2054 2122 ὅ
2085 2045 2357 2146 Χαραξ
2388 2049 2597 2147 φησί,

252 2179 266 2211 ι
361 2144 542 2242 τὴ[ν
589 2142 754 2219 τότε
803 2144 945 2241 μὲν
994 2146 1452 2275 λεγ]ομένην
1460 2146 1818 2242 Κρονίαν,
1869 2156 2017 2224 νῦν
2067 2147 2148 2223 δὲ
2190 2149 2424 2279 Ιερὰν
2463 2148 2600 2225 πό-

364 2254 516 2340 λιν,
567 2246 668 2332 ὥς
691 2246 1180 2374 [Ἰ]σι’γον[ος
1226 2276 1390 2343 περι
1429 2247 1906 2345 “Ελλην]ικῶν
1954 2253 2165 2325 θεων
2193 2250 2322 2325 καὶ
2362 2252 2601 2327 Πολέ-

364 2375 541 2447 μων
588 2347 716 2422 καὶ
753 2344 1124 2443 Αἰσχύλος
1168 2351 1254 2423 ἐν
1301 2379 1390 2445 τη
1421 2354 1658 2445 Αἴτνῃ
1708 2348 2348 2448 π[αραὸιὸ“όασιν].
2451 2352 2601 2426 Un-

367 2452 467 2524 cis
521 2452 782 2523 inclusa
797 2451 1288 2569 ‘supplementa
1338 2460 1491 2522 sunt
1531 2451 1755 2523 Hasii.
1860 2450 2134 2525 Saturni
2186 2455 2356 2526 enim
2410 2479 2601 2527 sacra

368 2577 458 2624 ex
512 2549 732 2645 Libya
794 2552 861 2624 iu
930 2549 1232 2624 Siciliam
1287 2552 1490 2624 allata
1539 2561 1729 2625 sunt.
1798 2553 1879 2626 de
1945 2578 2074 2679 qua
2134 2580 2208 2626 re
2259 2554 2601 2628 Diodorus
2665 2599 2669 2606 ·

364 2651 517 2725 ΠΙ.
568 2655 693 2728 61.
761 2650 1257 2727 δυναστεῦσαι
1307 2650 1398 2727 δέ
1433 2675 1627 2779 φασι
1674 2652 1810 2728 τὸν
1857 2650 2154 2750 Κρόνον
2215 2653 2407 2730 κατὰ
2458 2663 2604 2729 Σι-
2675 2729 2690 2744 f

364 2750 623 2830 κελίαν
671 2753 798 2828 καὶ
828 2749 1235 2850 Λιβύην,
1209 2758 1312 2826 ε’τι
1365 2750 1447 2828 δὲ
1496 2752 1636 2850 τὴν
1669 2753 2014 2843 Ἰταλίαν,
2063 2784 2191 2831 και
2239 2754 2326 2831 τὸ
2379 2753 2604 2833 σύνο-

365 2861 522 2931 λον
570 2858 653 2930 ἒν
715 2860 868 2938 τοῖς
931 2852 1112 2951 πρὸς
1179 2854 1495 2984 ἑσπέραν
1559 2852 1812 2939 τόποις
1831 2852 2402 2980 ..συστήσασθαι
2461 2858 2602 2955 τὴν

363 2954 801 3084 βασιλείαν,
871 2953 1075 3053 παρὰ
1144 2963 1323 3030 πᾶσι
1387 2953 1470 3031 δὲ
1535 2963 1905 3085 φρουραῖς
1964 2957 2454 3087 διακατέχειν
2468 2959 2650 3045 τὰς5

226 3098 231 3103 ·
368 3053 804 3155 ἀκροπόλεις
850 3056 978 3131 καὶ
1027 3055 1200 3139 τοὺς
1251 3055 1569 3185 ὀχυροὺς
1614 3065 1770 3133 τῶν
1819 3054 2091 3133 τόπων.
2166 3060 2302 3157 ἀφ’
2364 3054 2454 3135 οὗ
2506 3061 2601 3159 δὴ

365 3161 590 3257 μέχρι
657 3165 793 3232 τοῦ
844 3164 989 3233 νῦν
1046 3153 1330 3254 χρόνου
1379 3154 1583 3234 κατά
1618 3187 1697 3232 τε
1747 3158 1884 3254 τὴν
1933 3159 2287 3235 Σικελίαν
2331 3190 2460 3236 και
2507 3160 2602 3236 τὰ

245 3321 250 3326 .
367 3261 562 3359 πρὸς
610 3259 927 3389 ἑσπεραν
975 3256 1290 3334 νεύοντα
1338 3260 1523 3357 μέρη
1573 3259 1884 3344 πολλοὺς
1929 3268 2085 3335 τῶν
2132 3260 2446 3359 ὑψηλῶν
2477 3259 2604 3336 τό-

371 3390 545 3438 πων
598 3361 722 3435 ἀπ’
783 3360 1066 3436 ἐκείνου
1095 3357 1379 3458 Κρόνια
1429 3358 1981 3464 προςαγορεύεσ
1965 3364 2126 3436 9αι.
2227 3364 2336 3435 Ad
2371 3365 2603 3437 horum
2721 3451 2732 3460 x

378 3464 777 3537 Croniorum
841 3489 1036 3535 unum
1099 3472 1457 3563 pugnatum
1526 3473 1629 3535 est
1678 3465 1853 3537 inter
1903 3463 2487 3562 Carthaginienses
2539 3475 2607 3540 et

381 3566 748 3639 exereitum
798 3565 1145 3660 Dionysii,
1214 3566 1296 3637 de
1360 3585 1488 3663 qua
1537 3589 1760 3662 pugna
1821 3566 1995 3638 idem
2046 3566 2387 3639 Diodorus
2438 3569 2607 3640 scri·
2688 3586 2700 3602 ’

380 3668 519 3765 psit
570 3665 744 3738 XV.
802 3670 923 3743 16.
1026 3664 1219 3738 Sitne
1270 3667 1399 3740 hoe
1446 3666 1616 3738 illud
1648 3663 1988 3761 Cronium,
2041 3668 2211 3764 quod
2249 3668 2328 3739 ab
2361 3668 2612 3741 Himil-

384 3794 552 3842 cone
620 3776 880 3864 captum
945 3768 1151 3840 refert
1213 3766 1591 3866 Polyaenus
1643 3767 1945 3867 Strateg.
1989 3769 2094 3870 1Ὺ.
2153 3772 2274 3862 10,
2330 3771 2405 3844 5.
2476 3797 2607 3845 ιιοιι

256 3947 261 3957 ,
383 3873 590 3944 ausim
644 3870 995 3942 affirmare.

585 3972 938 4068 Reliquum
992 3978 1096 4044 est
1145 3996 1342 4045 unum
1392 3971 1558 4043 illud
1610 3971 2070 4090 fragmentum,
2111 3972 2294 4074 quod
2328 3973 2606 4045 alienius

386 4074 697 4146 momenti
748 4083 875 4166 est,
929 4073 1010 4145 de
1063 4097 1191 4170 quo
1244 4083 1319 4146 nt
1369 4074 1500 4146 dici
1551 4075 1790 4170 possit,
1845 4073 2059 4145 omnia
2112 4098 2276 4170 quae
2328 4099 2408 4147 eo
2449 4098 2608 4192 spe-

390 4177 634 4246 etantia
684 4174 1070 4247 Macrobius
1136 4183 1399 4267 narrat,
1476 4174 1761 4246 adscribi
1827 4183 2113 4272 oportet.
2229 4173 2352 4248 Sie
2400 4175 2627 4271 igitur
2719 4185 2726 4188 ’
2848 4164 2851 4167 ’

387 4273 506 4346 ille
555 4273 830 4349 Saturn.
880 4275 979 4349 V.
1037 4277 1158 4351 19.
1241 4276 1346 4350 In
1406 4272 1605 4349 libro
1653 4301 1855 4350 nono
1914 4275 2302 4378 Virgilius
2340 4278 2611 4376 posuit
2708 4366 2720 4373 ρ
2770 4298 2777 4305 ·

388 4373 523 4449 laos
570 4401 879 4452 versus:
945 4377 1046 4478 (v.
1097 4380 1309 4477 581.)
