3192 4992
637 370 766 440 3⁰⁰
1174 325 1183 332 ·
1269 373 1370 434 DE
1413 371 1785 434 APOLLINE
1827 373 1929 433 ET
1970 370 2231 436 DIANA.

634 550 890 640 ptorem
940 538 1259 613 iustitiae.
1360 538 1543 611 Tum
1591 539 1658 611 ei
1707 537 2013 637 Delphos
2064 539 2263 611 alium
2313 537 2643 613 indicasse
2703 564 2857 614 cru-
2929 631 2930 638 ἵ

637 644 851 717 delem
900 641 1253 734 hominem,
1304 641 1413 713 cui
1460 665 1698 713 nomen
1728 639 2018 737 Pythoni
2067 648 2273 733 esset,
2309 666 2690 761 cognomen
2736 666 2857 714 au-

634 753 769 818 tem
820 744 901 816 ab
953 743 1229 816 saevitia
1279 742 1586 814 draconi:
1669 766 1860 838 quem
1925 766 2122 839 quum
2186 743 2449 839 sagittis
2497 753 2728 842 petens
2777 741 2853 840 ἰὴ

633 842 869 920 παιὰν
901 845 1277 937 cecinisset,
1327 844 1401 917 in
1452 867 1699 916 morem
1733 843 2018 936 venisse,
2061 851 2143 917 ιιι
2182 845 2362 917 hosti
2396 843 2647 917 obviam
2686 869 2854 917 eun-
2931 905 2946 911 ,

632 956 738 1021 tes
800 971 1118 1045 Paeanem
1180 952 1515 1018 canerent.
1615 943 1936 1017 Eiusdem
1983 944 2309 1042 Pythonis
2374 946 2677 1041 quoniam
2736 954 2852 1019 tu-

632 1049 894 1147 gurium
944 1046 1502 1121 concremaverint
1548 1043 1842 1143 Delphi,
1894 1047 2036 1119 eius
2086 1047 2189 1118 rei
2235 1047 2613 1119 memoriam
2659 1070 2848 1120 sacro

629 1152 765 1223 ritu
833 1173 981 1222 esse
1044 1156 1517 1222 conservatam.
1634 1146 1835 1222 Haud
1897 1148 2088 1220 valde
2154 1147 2503 1220 dissimilia
2562 1150 2849 1222 narravit

520 1271 523 1272 ’
631 1252 1024 1354 scholiastes
1071 1249 1346 1323 Pindari
1395 1249 1467 1321 in
1489 1257 1901 1349 argumento
1949 1248 2366 1346 Pythiorum.

576 1398 636 1471 4
832 1401 1194 1496 Quaerenti
1242 1400 1468 1497 quid’
1446 1425 1519 1473 ιιι
1564 1397 1672 1473 his
1722 1400 1863 1472 veri
1910 1400 2112 1492 insit,
2160 1426 2292 1474 non
2343 1407 2567 1499 potest
2612 1393 2849 1475 ohscu-

627 1529 774 1577 rum
825 1529 1001 1597 esse,
1050 1502 1385 1602 Delphos,
1458 1528 1587 1601 quo
1637 1503 1888 1599 Apollo
1940 1503 2163 1575 statim
2212 1512 2286 1575 nt
2336 1512 2527 1575 natus
2579 1512 2684 1576 est
2731 1528 2847 1575 ve-

626 1606 857 1725 neritst,
912 1615 989 1678 ιιι
1048 1606 1326 1704 primam
1388 1606 1530 1688 eins
1587 1613 1787 1701 atque
1834 1604 2351 1700 antiquissimam
2400 1604 2624 1677 sedem
2676 1583 2846 1677 desi-

625 1709 843 1805 gnari.
945 1707 1157 1800 Quem
1219 1709 1500 1779 locum
1487 1732 1701 1802 quum
1759 1705 2138 1802 aborigines
2201 1713 2340 1777 tum
2402 1708 2694 1778 tenuisse
2743 1705 2847 1777 di·-

626 1817 886 1900 eantur,
939 1817 1166 1906 aperte
1210 1807 1458 1905 Apollo
1511 1808 1591 1878 ab
1643 1807 1782 1878 illis
1832 1816 1908 1879 ut
1952 1807 2344 1903 peregrinus
2395 1807 2846 1903 distinguitur.

626 1909 1086 1982 Tendentibus
1165 1909 1328 1981 illuc
1393 1909 1755 1980 cultoribus
1819 1907 2157 2005 Apollinis
2222 1908 2402 1981 circa
2462 1908 2846 2006 Panopeum

623 2010 839 2084 factae
890 2018 1043 2083 sunt
1091 2010 1396 2082 insidiae.
1495 2008 1644 2081 Eae
1680 2001 1872 2105 Tityi
1920 2011 2181 2083 nomine
2231 2009 2712 2107 significantur,
2763 2010 2845 2084 de

625 2137 753 2210 quo
806 2120 910 2186 est
957 2113 1028 2184 in
1079 2110 1420 2208 Odysseae
1470 2109 1615 2184 XI.
1667 2110 1844 2186 580.

821 2264 1052 2359 Λητῶ
1101 2261 1249 2364 γὰρ
1295 2261 1583 2360 ἤλκησε,
1635 2260 1815 2345 Διὸς
1859 2259 2148 2359 κυδρὴν
2195 2256 2660 2359 παράκοιτιν,

823 2360 1160 2440 Πυθώδ’
1218 2367 1624 2463 ἐρχομένην
1672 2361 1803 2438 διὰ
1848 2360 2289 2461 καλλιχόρου
2338 2369 2761 2461 Πανοπῆος.

618 2496 1008 2590 Interfectio
1060 2526 1274 2590 autem
1329 2517 1707 2610 draconiS,
1744 2516 1855 2614 qui
1905 2540 1986 2588 ea
2033 2516 2186 2588 loca
2235 2516 2680 2608 custodiebat,
2742 2516 2840 2591 sic

618 2626 861 2691 testata
915 2627 1057 2709 est,
1127 2629 1204 2690 ut
1267 2644 1413 2691 cum
1480 2621 1911 2715 occupatione
1960 2616 2377 2715 Delphorum
2426 2618 2515 2690 sit
2565 2618 2840 2691 coniun-

620 2720 938 2810 ctissima,
990 2742 1202 2814 neque
1255 2720 1450 2789 aliter
1481 2717 1731 2815 Apollo
1784 2743 1973 2817 quam
2027 2721 2249 2792 occiso
2303 2720 2586 2793 dracone
2637 2721 2838 2817 potiri

510 2911 517 2918 ι
617 2818 906 2914 Delphis
976 2819 1271 2915 potuisse
1334 2820 1781 2916 perhibeatur.
1881 2818 1965 2892 Id
2030 2844 2188 2893 vero
2257 2821 2410 2918 quid
2461 2821 2640 2893 aliud
2693 2827 2856 2895 esse'

621 2920 950 3012 dicamus,
1006 2943 1196 3016 quam
1251 2922 1312 2992 vi
1364 2921 1553 2992 illata
1604 2945 1750 2993 esse
1801 2945 1992 2994 sacra
2038 2922 2414 3019 Apollinis,
2481 2923 2674 2995 victis
2725 2923 2834 3021 qui

512 3035 517 3048 ‘
594 3025 768 3094 'eum
833 3046 1060 3095 arcere
1126 3024 1527 3095 conabantur
1589 3023 1749 3094 feris
1812 3023 1996 3096 illius
2061 3025 2197 3097 loci
2262 3018 2562 3097 incolis?
2667 3023 2833 3098 Nam

617 3123 1009 3222 opposuisse
1074 3117 1146 3195 se
1210 3124 1367 3197 illos
1433 3149 1643 3204 novae
1705 3125 2015 3222 religioni
2082 3151 2161 3198 eo
2226 3127 2435 3223 magis
2487 3135 2837 3198 consenta-

616 3248 809 3297 neum
860 3233 1001 3318 est,
1076 3225 1227 3321 quia
1277 3251 1512 3322 magna
1562 3227 1994 3299 sanctimonia
2045 3228 2290 3299 cultum
2354 3227 2447 3298 ibi
2499 3228 2835 3300 oraculum

613 3327 964 3399 habehant.
1065 3326 1237 3398 Eius
1288 3329 1387 3399 rei
1439 3330 1724 3399 omnium
1775 3330 2363 3402 luculentissimum
2391 3329 2833 3402 testimonium

612 3428 761 3529 ipso
813 3428 1252 3501 Eumenidum
1304 3430 1579 3506 exordio
1632 3431 1907 3527 praehet
1952 3429 2359 3526 Aeschylus:

813 3588 1111 3677 πρῶτον
1158 3578 1301 3678 μὲν
1349 3580 1525 3678 εὐχῇ
1574 3579 1752 3675 τῇδε
1801 3576 2186 3677 πρεσβεύω
2235 3584 2449 3655 θεῶν
2562 3603 2568 3614 “

813 3681 952 3778 τὴν
1000 3679 1523 3809 πρωτόμαντιν
1571 3687 1647 3754 1
1640 3687 1849 3757 αἶαν·
1914 3686 1995 3756 ἐκ
2044 3681 2125 3757 ὃ
2095 3713 2126 3755 ε
2175 3690 2305 3779 τῆς
2358 3682 2609 3780 Θέμιν,

808 3783 856 3878 ἢ
904 3781 998 3878 δὴ
1047 3781 1133 3857 τὸ
1181 3780 1471 3910 μητρὸς
1505 3780 1812 3879 δευτέρα
1860 3780 2020 3859 τόδ’
2077 3784 2275 3873 ἕζετο

810 3888 1188 3975 μαντεῖον,
1239 3881 1341 3967 ὥς
1387 3878 1604 3986 λόγος
1649 3910 1804 3966 τις·
1858 3887 1940 3961 ἐν
1988 3883 2071 3961 δε
2120 3894 2228 3983 τῷ
2278 3884 2507 4015 τρίτῳ

760 3997 765 4008 “
809 3979 1011 4078 λάχει
1059 3981 1458 4081 θελούσης,
1511 3982 1684 4060 οὐδε
1734 3990 1918 4082 πρὸς
1960 3986 2146 4085 βίαν
2193 3985 2420 4076 τινός,

816 4084 1111 4168 Τιτανὶς
1160 4087 1364 4182 ἄλλη,
1414 4092 1589 4170 παῖς
1635 4084 1972 4177 Χθονός,
2020 4087 2404 4179 καθέζετο,

807 4183 1083 4283 Φοίβη,
1133 4186 1519 4263 δίδωσιν“
1496 4187 1546 4283 ὴ
1592 4188 2001 4318 γενεθλιον
2029 4187 2245 4266 δόσιν

808 4287 1111 4387 Φοίβῳ·
1174 4289 1260 4364 τὸ
1314 4288 1603 4388 Φοίβης
1652 4289 1725 4365 δ’
1787 4290 2001 4386 ὄνομ’
2060 4292 2204 4386 ε’χει
2251 4288 2794 4395 παρώνυμον.

805 4389 1040 4469 λιπών
1088 4386 1174 4467 δὲ
1222 4388 1492 4490 λίμνην
1539 4389 1824 4489 Δηλίαν
1871 4421 1950 4468 τε
1991 4389 2340 4495 χοιράδα,
