3192 4992
905 379 1032 482 *oe
1075 379 1370 440 omem
1412 380 1925 440 numeramus,-
2196 379 2201 392 ·
2413 377 2533 470 121
2606 360 2612 366 ’
2726 355 2745 372 ‘

327 572 475 622 esse
523 546 859 636 videntur,
913 547 1021 641 qui
1077 543 1429 641 Syracusis
1479 542 1982 645 ποταγωγίδες
2029 546 2414 637 audiebant,
2468 557 2538 624 et

328 650 410 720 ob
457 648 746 720 eamdem
798 671 1091 720 caussam
1159 649 1319 719 dicti
1370 672 1614 742 genere
1664 649 2007 720 femininos
2119 649 2307 738 Quod
2363 652 2533 746 apud

318 751 747 842 Aristotelem
797 748 1008 820 Polit.
1061 748 1158 820 V.
1217 752 1337 823 ll.
1389 749 1660 844 legitur,
1713 745 1876 822 οἷον
1923 747 2088 844 περὶ
2139 747 2535 845 Συρακού-

322 873 454 932 σας
503 849 582 922 αἱ
630 848 1131 950 ποταγωγίδες
1177 845 1651 944 καλούμεναι,
1700 847 1827 923 καὶ
1866 848 2040 932 τοὺς
2066 848 2537 936 ὠτακουστὰς

318 950 707 1045 ἐξέπεμπεν
746 950 1014 1047 Ἱέρων,
1066 949 1252 1025 ὅπου
1302 975 1414 1033 τις
1462 954 1568 1045 εἴη
1613 949 1972 1024 συνουσία
2000 950 2126 1024 καὶ
2161 948 2535 1053 σύλλογος,

315 1061 499 1124 recte
551 1055 868 1150 scriptum
931 1079 1080 1126 esse
1133 1054 1422 1126 ostendit
1469 1051 1719 1124 Photii
1751 1053 2126 1125 adnotatio:
2195 1082 2542 1155 ποταγω-

270 1202 273 1205 -
313 1151 543 1254 γίὸες,
596 1152 877 1252 φάνται
922 1152 971 1250 ἢ
1019 1151 1364 1250 μηνυταί.
1465 1152 1612 1226 Nec
1662 1154 2082 1225 dubitandum
2131 1164 2318 1251 puto,
2381 1158 2538 1252 quin

313 1256 419 1326 illi
470 1280 604 1327 non
653 1256 973 1348 feminae,
1026 1257 1143 1328 sed
1195 1258 1320 1327 viri
1369 1255 1652 1327 fuerint}
1720 1279 1919 1351 quare
1969 1254 2367 1328 Plutarchus
2419 1282 2536 1329 eos

312 1357 382 1429 in
435 1356 658 1430 Dione
724 1383 786 1430 c.
841 1362 965 1432 28.
1030 1355 1203 1439 τοὺς
1263 1354 1759 1448 καλουμένους
1807 1353 2366 1457 προςαγωγίδας
2414 1383 2537 1431 vo-

314 1459 517 1530 cavit.
618 1457 808 1531 Idem
858 1459 927 1531 in
975 1459 1206 1531 libello
1260 1460 1339 1530 de
1392 1459 1774 1531 curiositate
1840 1483 1909 1555 p.
1964 1461 2138 1533 522.
2193 1467 2368 1531 extr.
2434 1460 2536 1533 sic

313 1560 626 1656 scripsit:
693 1557 934 1634 καίτοι
980 1555 1154 1641 τούς
1197 1586 1280 1660 γε
1319 1555 1759 1655 τυράννους,
1810 1549 1921 1642 ὀἷς
1961 1555 2248 1661 ἀνάγκη
2289 1555 2559 1635 πάντα·

310 1656 746 1760 γινώσκειν,
836 1656 1429 1756 ἐπαχθεστάτους
1488 1666 1681 1735 ποιεῖ
1751 1657 1837 1733 τὸ
1899 1668 2055 1735 τῶν
2120 1660 2536 1762 λεγομένων

314 1761 543 1836 ὤτων
606 1761 731 1836 καὶ
779 1761 1313 1887 προςαγωγέων
1360 1760 1589 1863 γένος.
1687 1759 2158 1845 ὠτακουστὰς
2205 1760 2347 1858 μὲν
2398 1758 2536 1836 οὖν

312 1870 610 1954 πρῶτος
673 1865 881 1958 ἔσχεν
947 1863 986 1938 ὃ
1049 1891 1211 1946 νεος
1260 1867 1606 1956 Δαρεῖος,
1673 1864 2006 1938 ἀπιστῶν
2056 1865 2297 1959 ἑαυτῷ
2314 1920 2340 1952 ,
2409 1864 2537 1938 καὶ

310 1960 604 2047 πάντας
650 1960 1133 2062 ὑφορώμενος
1180 1964 1308 2038 καὶ
1357 1962 1741 2049 δεδοικώς·
1807 1962 1982 2048 τοὺς
2031 1961 2111 2040 δὲ
2153 1992 2536 2066 προςαγω-

307 2063 535 2166 γίὸας
585 2065 654 2140 οἱ
704 2063 1086 2141 Διονύσιοι
1134 2072 1288 2149 τοῖς
1338 2066 1836 2162 Συρακοσίοις
1882 2065 2299 2154 κατέμιξαν.
2405 2068 2539 2159 Qui

307 2168 476 2238 mihi
527 2192 784 2241 errasse
834 2169 1118 2260 videtur,
1173 2169 1343 2265 quod
1398 2166 1916 2269 ποταγωγίὸας
1965 2192 2004 2239 a
2037 2168 2379 2263 Dionysiis
2431 2171 2540 2241 in-

309 2269 657 2341 troductos
709 2271 1017 2367 scripsit,
1072 2268 1393 2367 siquidem
1444 2270 1718 2341 Pindari
1771 2269 1938 2341 illud
1989 2267 2392 2364 ὑποφάτιες
2443 2271 2539 2342 ita

309 2394 461 2442 cum
512 2371 645 2442 ista
696 2372 1140 2469 appellatione
1183 2372 1513 2465 congruit,
1567 2395 1707 2442 eam
1748 2371 1986 2442 utiam
2019 2371 2336 2442 Hieronis
2369 2380 2541 2442 tem-

304 2495 477 2567 pore
531 2481 744 2543 ortam
808 2472 1077 2544 credere
1142 2472 1515 2543 debeamus.
1633 2469 2018 2543 Convicium
2069 2480 2284 2543 autem
2333 2471 2539 2544 fuisse

304 2569 737 2674 ποταγωγὶς
786 2572 1082 2664 videtur,
1157 2597 1308 2669 quox
1354 2573 1675 2644 eiusmodi
1735 2572 1931 2645 homo
1997 2597 2143 2644 cum
2191 2574 2539 2645 meretrice

304 2682 836 2770 compararetur,
889 2684 1361 2771 vocareturque
1413 2675 1605 2764 illex,
1660 2663 1833 2770 quod
1873 2674 2145 2745 liberius
2198 2674 2277 2745 de
2315 2684 2540 2770 tyran-

303 2776 412 2848 nis
463 2776 800 2872 loquendo
867 2777 1168 2848 alliceret
1233 2775 1400 2847 alios
1452 2775 1519 2848 in
1571 2775 2081 2847 familiaritatem
2132 2800 2353 2866 suam,
2432 2775 2540 2846 fa-

307 2885 627 2973 ceretque
677 2887 752 2949 ut
799 2878 1021 2975 posito
1087 2886 1262 2949 metu
1328 2878 1433 2949 sui
1489 2878 1689 2948 animi
1738 2877 2130 2960 sententiam
2177 2878 2537 2974 aperirent.

305 2976 393 3049 Id
447 2980 723 3075 vulgare
776 2989 843 3050 et
892 2978 1135 3050 humile
1189 2977 1553 3052 convicium
1619 3003 1813 3075 quum
1877 2979 2068 3073 lyrici
2132 2986 2368 3075 poetae
2421 3003 2537 3050 ore

306 3082 534 3176 repeti
582 3105 711 3153 non
762 3090 1028 3178 posset,
1094 3080 1472 3153 honestiore
1539 3080 1857 3152 vocabulo
1923 3101 2081 3153 usus
2133 3087 2237 3151 est
2284 3079 2539 3151 Pinda-

307 3206 452 3273 rus,
513 3182 629 3253 sed
677 3183 811 3275 ita,
879 3192 953 3254 ut
1002 3205 1123 3278 per
1172 3183 1442 3252 formam
1495 3182 1868 3253 femininam
1917 3180 2278 3272 indicaret,
2346 3179 2638 3277 quam23

310 3281 828 3381 appellationem
875 3285 1156 3355 istorum
1206 3284 1532 3354 homiuum
1585 3284 1656 3354 in
1707 3289 1921 3353 mente
1971 3282 2267 3353 haberet.

519 3383 604 3456 In
654 3386 739 3457 iis
791 3409 955 3482 qnae
1008 3393 1369 3481 sequuntur
1419 3382 1594 3454 aliud
1648 3392 1775 3475 est,
1831 3382 2002 3478 quod
2054 3407 2185 3468 uon
2237 3384 2398 3456 satis
2432 3384 2541 3457 in·-

309 3487 655 3558 telleetum
710 3487 869 3558 suite
943 3488 1071 3559 hoc
1124 3486 1311 3574 dico,
1380 3481 1729 3579 στάθμας
1779 3480 1867 3557 δέ
1910 3511 2110 3565 τινος
2159 3480 2542 3580 ἑλκόμενος

312 3595 688 3682 περισσᾶς.
790 3588 898 3660 Εο
967 3612 1159 3685 quum
1213 3588 1294 3658 ad
1345 3586 1566 3658 ludum
1621 3587 2023 3684 palaestrae,
2093 3587 2205 3683 qui
2257 3584 2542 3662 διελκυ-

314 3687 590 3764 στίνὸα
655 3690 1045 3781 vocabatur,
1133 3690 1378 3786 respici
1450 3690 1821 3784 suspicatus
1888 3696 2066 3759 esset
2128 3688 2537 3781 Boeckhius,

299 3792 499 3886 ,quod
549 3799 651 3863 est
702 3792 1134 3882 verissimum,
1188 3792 1391 3862 miror
1443 3790 1614 3886 qnod
1669 3816 1740 3860 se
1797 3815 1927 3861 non
1980 3798 2298 3885 exputare
2341 3789 2536 3881 dixit,

318 3894 650 3989 quomodo
715 3894 869 3965 huic
931 3892 1086 3964 ludo
1174 3890 1483 3989 περισσὰ
1550 3887 1862 3985 στάθμα
1930 3890 2406 3964 accommodari
2471 3901 2540 3964 et

223 4005 240 4043 '·
321 4019 491 4091 quae
543 3995 816 4091 genitivi
880 3996 1049 4066 ratio
1117 3999 1262 4066 ess‘e
1314 4002 1567 4090 posset.
1670 3992 2039 4087 Vtrumque
2090 3993 2540 4089 planissimum

321 4104 453 4168 est.
557 4095 853 4170 Genitivi
903 4097 1130 4168 'eadem
1182 4079 1352 4167 ratio
1407 4119 1572 4192 quae
1616 4095 1687 4166 in
1732 4094 2074 4167 ἕλκεσθαι
2095 4089 2361 4192 χειρός,
2412 4090 2541 4167 κό-

322 4207 503 4292 μὴς,·
554 4195 863 4295 περισσὰ
915 4207 1130 4269 autem
1183 4193 1496 4289 στάθμα
1545 4204 1727 4268 recte
1781 4196 1981 4286 dicta,
2035 4197 2173 4268 sive
2202 4196 2540 4293 potentio·
2604 4269 2608 4280 ,

322 4322 462 4370 rem
512 4299 756 4392 funem,
807 4300 936 4373 hoc
988 4308 1115 4391 est,
1168 4307 1448 4372 tractum
1489 4323 1539 4369 -a
1579 4297 2046 4388 validioribus,
2099 4298 2238 4370 sive
2270 4297 2538 4394 proprie

326 4402 639 4482 maiorem
701 4410 950 4499 partem
1017 4401 1191 4473 funis
1255 4400 1541 4499 intelligi
1604 4400 1851 4498 placet.
1963 4398 2132 4474 Nam
2198 4421 2391 4494 quum
2456 4398 2537 4470 ab
