3192 4992
713 331 820 398 nn
855 329 1293 394 meorum
1334 297 1875 397 corrosanum:
1912 331 2208 396 Lmen
2436 330 2567 400 m

346 497 631 599 proximi
682 519 722 569 a
770 497 1130 572 victoribus
1179 495 1453 574 iudicati
1501 496 1721 572 denuo
1769 496 1947 572 inter
1982 521 2058 572 se
2092 503 2423 574 certantes
2461 500 2568 574 vi·-

348 603 616 676 cisseut.
718 596 959 671 Simile
1010 599 1194 696 quid,
1247 599 1363 672 sed
1417 600 1498 670 ab
1553 607 1836 696 utroque
1884 599 2238 690 diversum,
2292 600 2565 678 sirecte

345 702 653 793 coniicio,
705 700 980 775 fuerunt·
1018 698 1112 773 τὰ
1164 697 1501 775 ἐπινίκια.
1603 699 1900 796 Namque
1935 725 2060 773 nec
2085 709 2362 799 possunt
2394 701 2568 775 idem

341 828 488 877 esse
558 801 734 900 quod
799 803 880 878 ἐκ
928 797 1273 888 πάντων,
1342 802 1499 898 quia
1560 801 1632 873 id
1694 827 1828 874 non
1878 811 2101 898 potest
2163 802 2291 874 nisi
2342 827 2569 878 eorum

337 929 528 995 esse,
604 904 719 1001 qui
781 928 918 976 uno
980 903 1338 999 eodemque
1401 923 1648 999 genere
1701 904 2077 980 certaminis
2128 904 2567 993 contendunt3

339 1030 554 1105 neque
603 1005 780 1078 idem
831 1004 1006 1101 quod
1058 1002 1190 1078 διὰ
1223 1001 1557 1092 πάντων,
1611 1029 1809 1100 quum
1858 1005 2014 1100 quia
2062 1006 2226 1078 satis
2274 1014 2422 1080 erat
2454 1031 2571 1080 so-

338 1109 476 1179 lum
527 1130 766 1179 nomen
817 1107 1088 1182 victoris
1153 1108 1355 1203 poni,
1432 1114 1508 1178 nt
1568 1106 1810 1180 factum
1877 1114 1981 1177 est
2041 1107 2112 1180 iu
2163 1106 2572 1204 Thespieusi

337 1209 799 1306 inscriptione,
852 1216 989 1282 tum
1041 1231 1230 1298 vero,
1282 1208 1435 1304 qnia
1481 1207 1553 1279 in
1583 1208 1793 1280 altera
1822 1204 2410 1286 Orchomeniarum
2462 1210 2571 1282 in·-

341 1311 794 1407 scriptiouum
820 1307 916 1383 τὰ
967 1307 1283 1384 ἐπινίκια
1331 1308 1667 1405 adscripta
1714 1316 1867 1380 sunt
1897 1308 2243 1400 comoedo,
2293 1310 2407 1406 qui
2435 1333 2569 1382 non

339 1412 470 1484 fuit
521 1419 672 1496 ante
721 1412 904 1496 iuter,
947 1412 1234 1484 victores
1284 1411 1478 1482 huius
1518 1409 1893 1482 certaminis
1927 1411 2323 1484 nominatus.
2424 1408 2569 1485 Sed

340 1514 608 1588 tametsi
656 1521 958 1588 nentrum
1007 1514 1241 1589 horum
1288 1512 1441 1603 fuit,
1493 1520 1711 1586 tamen
1761 1520 1865 1584 cst
1915 1537 2034 1584 eur
2083 1513 2299 1588 simile
2340 1512 2571 1586 videa-

331 1623 477 1688 tur.
579 1613 809 1688 Primo
860 1614 945 1687 ad
994 1615 1178 1711 ipsos
1229 1614 1561 1712 pertinere
1591 1637 1842 1686 ‚sacros
1892 1613 2086 1686 ludos
2125 1638 2207 1688 eo
2241 1615 2571 1710 intelligi-

341 1724 480 1808 tur,
534 1716 710 1812 quod
760 1716 993 1811 quibus
1043 1715 1445 1813 adscriptum
1495 1724 1599 1790 est
1647 1710 1741 1787 τὰ
1793 1711 2111 1790 ἐπινίκια
2161 1716 2233 1788 ἱιι
2273 1717 2570 1812 ipserum

341 1818 705 1891 victoribus
734 1816 1247 1890 Charitesiorum
1301 1825 1747 1890 numerantur.
1848 1816 2111 1892 Deinde
2141 1818 2431 1915 peractis
2462 1818 2570 1889 le-

342 1919 595 2014 gitimis
645 1918 1106 1992 certaminibus
1155 1919 1451 1992 ultimum
1504 1918 1737 2010 fuisse,
1791 1927 1858 1991 et
1897 1918 2088 1992 locus
2130 1928 2198 1991 et
2237 1919 2387 2015 ipsa
2414 1919 2571 1992 ἐπι-

337 2016 607 2097 νικίων
656 2021 1015 2118 appellatio
1069 2020 1289 2094 docet.
1389 2018 1609 2092 Porro
1664 2045 1799 2094 nou
1828 2019 2031 2092 fuisse
2064 2029 2316 2094 eertum
2356 2045 2566 2116 genus

321 2122 722 2196 certaminis
783 2121 1213 2218 cognoscitur
1276 2145 1398 2212 eo,
1485 2121 1661 2218 quod
1726 2121 1798 2192 in
1862 2121 2073 2196 altera
2136 2122 2568 2218 inscriptione

338 2231 546 2321 poeta
591 2223 1103 2313 comoediarum,
1153 2223 1225 2296 iu
1276 2223 1488 2297 altera
1523 2221 1878 2296 comoedus
1920 2223 2369 2296 renunciatur.
2420 2221 2569 2294 De·-

340 2326 546 2421 nique
599 2324 860 2398 omnino
924 2348 1059 2396 non
1121 2317 1355 2395 denuo'
1403 2331 1721 2397 certatum
1774 2347 1922 2396 esse
1974 2348 2055 2396 eo
2106 2330 2328 2420 patet,
2394 2322 2570 2418 quod

339 2450 477 2502 non
530 2449 770 2500 novum
822 2448 1030 2520 genus
1082 2424 1481 2514 certaminis,
1533 2423 1654 2497 sed
1704 2447 1929 2496 eorum
1971 2447 2196 2514 unum,
2249 2445 2412 2520 quae
2438 2425 2572 2498 iam

341 2534 620 2626 peracta
670 2535 894 2617 erant,
966 2524 1363 2600 nominatum
1416 2534 1541 2597 est.
1644 2524 1835 2598 Haec
1900 2526 2116 2600 omnia
2165 2550 2246 2598 eo
2298 2525 2569 2618 ducunt,

342 2636 461 2720 ut,
549 2626 1086 2725 quemadmodum
1150 2618 1309 2698 a'libi
1374 2623 1501 2701 διὰ
1551 2620 1860 2700 πάντων
1911 2627 2150 2699 vicisse
2204 2626 2568 2719 dicebatur,
2618 2642 2647 2660 '

343 2730 459 2828 qni
510 2728 689 2802 inter
753 2729 1038 2801 victores
1106 2752 1329 2820 omnes
1394 2728 1678 2799 maxime
1744 2727 1980 2800 suisset
2041 2728 2396 2825 probatus,
2470 2729 2571 2803 sic
2666 2733 2671 2744 '

343 2830 781 2905 Orchomenii
841 2831 912 2902 in
964 2827 1355 2902 Charitesiis
1419 2837 1686 2927 praeter
1749 2828 2081 2901 ordinaria
2146 2830 2570 2903 certaminum

341 2932 643 3032 praemia
707 2930 886 3002 alind
947 2932 1218 3030 insuper
1282 2931 1708 3028 proposuisse
1775 2931 2134 3028 praemium
2199 2931 2569 3023 videantur,

344 3059 477 3132 quo
531 3034 595 3105 is
646 3031 1046 3124 donaretur,
1112 3032 1223 3130 qui
1293 3033 1399 3104 vel
1461 3030 1818 3105 secundum
1887 3032 2173 3103 victores
2223 3033 2572 3129 proximus

343 3136 671 3208 victoriae
721 3134 1049 3207 iudicatus
1101 3139 1302 3224 esset,
1355 3134 1461 3205 vel
1509 3134 1685 3205 inter
1723 3134 2003 3204 victores
2035 3140 2377 3229 tantopere
2407 3133 2574 3205 emi-

344 3245 582 3329 neret,
634 3243 707 3308 nt
756 3236 1111 3334 praecipuo
1161 3234 1362 3306 fuerit
1401 3234 1650 3307 honore
1694 3233 2106 3306 afficiendus.
2184 3232 2574 3330 Vtriusque

345 3338 622 3438 generis
674 3338 1015 3434 exempla,
1088 3337 1147 3410 si
1209 3361 1341 3408 non
1392 3335 1631 3427 fallor,
1703 3337 1775 3408 in
1837 3336 1988 3407 istis
2037 3335 2574 3431 inscriptionibus

285 3506 292 3512 .
346 3441 695 3512 habemus.
793 3437 962 3512 Nam
1028 3439 1138 3511 cui
1202 3438 1272 3510 in
1335 3438 1771 3534 inscriptione
1825 3439 2045 3511 1584.
2116 3433 2206 3509 τὰ
2258 3433 2575 3511 ἐπινίκια

349 3542 695 3636 assignata
745 3549 935 3631 sunt,
1000 3549 1198 3638 poeta
1250 3539 1726 3612 comoediarum
1779 3537 2163 3609 Alexander
2209 3537 2577 3610 Athenien-

350 3642 494 3733 sis,
551 3641 614 3712 is
665 3665 859 3736 quum
910 3641 1039 3729 iam
1089 3665 1289 3738 supra
1338 3640 1405 3712 in
1460 3664 1539 3711 ea
1586 3639 2017 3737 inscriptione
2066 3641 2240 3712 inter
2289 3639 2575 3713 victores

351 3744 731 3816 nominatus
760 3743 872 3833 sit,
923 3744 1282 3840 praemium
1324 3741 1485 3813 illud
1518 3751 1874 3840 propterea
1916 3740 2087 3837 quod
2119 3764 2343 3813 omnes
2378 3765 2577 3838 prae-

356 3845 711 3917 stinxisset
761 3844 1096 3941 accepisse
1151 3844 1446 3933 videtur3
1512 3845 1580 3915 in
1636 3844 1847 3915 altera
1897 3852 2110 3914 autem
2144 3842 2575 3940 inscriptione
2662 3915 2667 3924 ,

357 3972 562 4044 quum
611 3946 785 4018 inter
834 3945 1183 4019 comoedos
1236 3946 1504 4018 vicisset
1544 3945 1965 4018 Nicostratus
2017 3943 2405 4035 Thebanus,
2459 3944 2577 4015 alii

358 4047 707 4139 comoedo,
757 4045 1069 4120 Euarcho
1122 4045 1526 4139 Coronensi,
1601 4046 1775 4145 quod
1827 4045 2182 4118 secundum
2227 4043 2578 4117 Nicostra-

359 4157 504 4221 tum
555 4150 1021 4240 excelluisset,
1075 4145 1171 4222 τὰ
1220 4146 1535 4225 ἐπινίκια
1590 4149 1744 4221 data
1793 4170 1940 4219 esse
1991 4148 2131 4218 veri
2182 4146 2395 4218 simile
2446 4153 2578 4218 est.
2696 4231 2703 4238 „

359 4248 600 4322 Potuit
662 4259 876 4323 autem
942 4250 1108 4321 illud
1185 4252 1544 4347 praemium
1606 4248 1973 4328 rectissime
2038 4244 2352 4323 ἐπινίκια
2416 4245 2575 4339 dici,

363 4377 496 4449 quo
548 4353 807 4426 nomine
855 4352 1124 4449 proprie
1174 4376 1255 4425 ea
1304 4353 1784 4451 significantur,
1839 4374 2003 4448 quae
2041 4357 2197 4448 post
2235 4348 2574 4424 victoriam
