3192 4992
863 343 1144 407 omno
1186 345 1273 407 m
1309 342 1563 407 sionis
1604 344 2134 419 summm
2381 312 2384 321 “
2475 341 2657 415 m·

372 500 586 599 muz?
661 510 779 586 ’At
836 534 1037 586 nemo
1096 510 1233 585 scit
1296 535 1489 610 quam
1554 512 1682 589 ille
1742 510 1881 586 oris
1943 511 2233 585 {brunam-
2281 511 2615 597 habuerit.

381 616 494 688 An
545 614 717 715 qnod
767 614 839 688 iu
888 612 1201 712 opinione
1247 614 1479 713 populi
1528 615 1753 710 aliqua
1803 614 1947 687 eius
1998 613 2257 711 effigies
2283 625 2611 709 versatur,

382 718 557 790 sicut
616 715 896 789 Homeri
960 724 1172 812 capnt·
1231 716 1313 787 ad
1381 716 1739 789 carminum
1801 715 2296 789 similitudinem
2362 716 2611 799 fictum

383 827 513 910 est,
563 819 674 891 vel
720 816 908 890 lom
948 813 1084 912 Oly
1090 817 1247 914 mpii
1299 818 1707 891 maiestatem
1756 840 1868 890 ars
1901 817 2184 891 Phidiae
2223 808 2614 914 expressit?

381 917 489 992 Ne
536 919 668 995 hoe
710 917 1004 1016 quidem,
1058 918 1318 1015 quande
1368 920 1653 993 maxima
1698 942 1855 1016 pars
1905 919 2138 1017 populi
2172 942 2258 990 ne
2298 920 2430 992 scit
2461 919 2614 1015 qui-

380 1020 532 1093 den
580 1020 787 1093 fuisse
838 1021 1118 1116 aliquem
1167 1020 1563 1093 Arminium.
1676 1022 1787 1095 Au
1852 1029 1929 1094 ut
1976 1044 2108 1092 non
2161 1021 2613 1113 simulacrum,

380 1121 499 1195 sed
552 1121 787 1218 ingens
836 1123 1140 1194 columna
1186 1123 1407 1195 locum
1456 1123 1704 1218 signet,
1758 1146 1888 1219 qno
1941 1145 2175 1194 eaesae
2224 1123 2361 1193 sint
2396 1121 2616 1214 Quin-
2717 1160 2738 1177 ι

379 1223 515 1297 tilii
564 1221 737 1295 Vari
785 1216 1141 1319 legiones?
1236 1226 1334 1296 At
1381 1225 1670 1296 nondum
1731 1224 1830 1296 ita
1892 1224 2103 1320 liquet
2152 1248 2286 1321 qno
2334 1222 2403 1295 id
2451 1221 2614 1297 loeo

380 1325 630 1398 factum
678 1326 807 1415 sit,
857 1332 935 1397 ut
982 1348 1153 1398 unus
1202 1325 1332 1399 sibi
1379 1349 1544 1422 prae
1595 1325 1748 1397 aliis
1798 1327 1987 1398 locus
2038 1330 2222 1398 certo
2276 1322 2616 1401 vindicare

382 1427 823 1525 principatum
858 1426 1099 1524 possit.
1175 1425 1273 1501 Et
1314 1437 1531 1499 tamen
1561 1428 1834 1524 ponitur
1859 1435 2369 1499 monumentum.
2440 1426 2614 1545 Quis

383 1552 542 1600 vero
592 1521 837 1625 ponit?
920 1526 1308 1602 Germania.
1384 1524 1805 1603 Germania?
1866 1530 1990 1600 illa
2037 1537 2142 1602 tot
2189 1529 2457 1601 fortium
2507 1527 2620 1599 vi·-

381 1652 607 1702 rorum
683 1639 932 1722 mater,
1008 1631 1132 1701 illa
1209 1637 1312 1703 tot
1380 1630 1634 1727 magnis
1713 1630 2036 1728 quondam
2103 1628 2616 1727 imperatoribus

384 1732 593 1823 clara,
643 1731 766 1803 illa
815 1755 1025 1829 nuper
1073 1755 1263 1804 sacro
1316 1732 1525 1807 bello·
1544 1755 1703 1803 snae
1754 1731 2081 1805 libertatis
2134 1731 2376 1803 vindex
2427 1728 2620 1804 Gen-

384 1833 720 1924 mania,¹o
772 1843 1054 1905 vestram
1104 1833 1325 1924 fidem,
1378 1834 1491 1930 qni
1540 1833 1673 1905 isto
1725 1834 1793 1905 in
1846 1833 2023 1905 bello
2074 1832 2381 1904 decoram
2436 1856 2622 1905 mon*

251 1992 257 1997 -
384 1942 517 2011 tem
567 1934 799 2007 felices
850 1934 1227 2031 oppetistis,
1280 1935 1403 2007 illa
1453 1932 1839 2027 Germania,
1900 1958 2067 2031 quae
2118 1957 2191 2006 se
2242 1957 2417 2006 nune
2464 1935 2620 2030 ipsa

387 2036 645 2131 quaerit
691 2035 802 2105 nbi
852 2036 968 2126 sit,
1018 2035 1372 2107 immonali
1414 2034 1898 2111 Cheruscorum
1951 2035 2105 2108 duci
2152 2036 2431 2108 mortale
2482 2060 2620 2131 Ρη»

382 2137 484 2207 nit
532 2142 1040 2228 monumentum,
1092 2138 1304 2209 seculi
1356 2143 1609 2209 testans
1658 2137 2114 2233 pusillitatem,
2165 2159 2414 2233 ponere
2464 2160 2620 2208 mo-

380 2246 716 2329 numenta,
769 2261 963 2333 quam
998 2237 1198 2334 digna
1230 2238 1666 2310 monumentis
1692 2238 1916 2311 facere
1947 2238 2376 2310 sollertion‘s.
2438 2236 2616 2308 Tri-

383 2337 674 2410 stissima
723 2338 1035 2457 profecto
1078 2338 1388 2433 augurari
1437 2362 1711 2413 necesse
1761 2347 1977 2431 esset,
2048 2339 2362 2435 pietatem
2424 2360 2614 2411 suam

381 2440 858 2530 monumentis,
923 2440 1079 2535 quia
1125 2440 1226 2512 sie
1274 2464 1449 2512 nunc
1498 2466 1644 2538 mos
1691 2448 1833 2532 est,
1905 2440 2281 2513 declarante
2332 2441 2607 2537 populo,

266 2626 279 2639 .
382 2536 516 2612 uisi
563 2565 697 2613 nou
746 2564 1022 2637 promus
1071 2540 1507 2639 exstirpatum
1559 2566 1707 2617 esse
1742 2542 2076 2638 antiquum
2110 2542 2444 2638 ingenium
2477 2542 2709 2616 hoelz
2859 2542 2864 2549 ’

381 2642 535 2738 ipso
604 2650 900 2739 tempore
965 2667 1190 2715 eorum
1258 2643 1637 2717 ostenderet
1696 2644 2016 2717 fortitudo
2081 2643 2367 2715 virorum
2385 2693 2409 2734 ,
2498 2642 2613 2740 qui

386 2742 645 2840 quidvis
693 2744 954 2840 perpeti
1005 2767 1195 2840 qnam
1242 2745 1437 2817 fidem
1479 2746 1873 2818 sacramenti
1902 2743 2184 2864 prodere
2214 2745 2613 2837 maluerunt,

385 2844 930 2942 confirmaretque
980 2846 1384 2920 admirabilis
1435 2848 1644 2920 virtus
1692 2847 2000 2966 illorum,
2071 2846 2185 2944 qni
2233 2870 2360 2919 neo
2405 2846 2620 2944 pulli·-

385 2946 806 3019 citationibus
855 2970 981 3019 nec
1029 2949 1341 3044 praemiis
1391 2973 1518 3021 nec
1567 2942 1761 3020 minis
1809 2972 1935 3021 nec
1972 2949 2206 3046 poenis
2244 2948 2616 3044 expugnari

332 3078 345 3093 x
385 3048 819 3121 constantiam
871 3071 1055 3120 suam
1102 3049 1465 3167 patiuntur.
1565 3048 1824 3122 Horum
1872 3051 1942 3121 in
1995 3050 2230 3121 animis
2277 3051 2614 3146 antiquum

384 3150 589 3222 robur
638 3148 890 3221 habitat
939 3158 1009 3220 et
1055 3151 1271 3247 pietas
1323 3158 1391 3223 et
1430 3151 1712 3246 religi03
1764 3151 1897 3222 hi
1873 3174 1948 3221 ιιι
1990 3151 2184 3223 seriis
2220 3151 2416 3222 rebus
2452 3174 2615 3246 gra-

235 3256 243 3261 ’
385 3245 782 3347 ιὶεείιιιοιιιιθ
834 3261 1130 3347 tempore
1175 3252 1436 3349 patriae
1488 3252 1779 3325 officinm
1820 3276 2007 3323 snum
2034 3251 2380 3342 facientes,
2433 3250 2612 3325 facto

387 3352 579 3424 «lenm
630 3353 881 3425 colunt.
984 3352 1154 3444 Quis
1218 3378 1369 3427 cum
1426 3353 1530 3425 his
1580 3354 1739 3426 illos
1791 3361 2130 3450 comparet
2176 3360 2291 3424 ant
2337 3377 2615 3456 compo-

387 3463 541 3545 nat,
609 3455 722 3550 qni
784 3455 893 3526 vel
941 3454 1238 3528 liberalis
1288 3453 1520 3527 indicii
1568 3455 1827 3526 laudem
1880 3462 2266 3552 appetentes
2328 3477 2403 3525 re
2454 3476 2613 3525 vera

385 3556 556 3628 nihil
604 3563 681 3627 nt
730 3564 1026 3628 sanctum
1075 3566 1499 3648 reverentur,
1564 3557 1675 3628 vel
1739 3556 2116 3653 opinionum
2168 3562 2237 3627 et
2285 3555 2614 3652 supersti-

386 3658 639 3729 tionum
690 3657 968 3729 vinculis
1021 3658 1364 3733 constricti
1411 3658 1671 3755 ignavis
1714 3656 2304 3755 supplicationibus
2337 3657 2612 3753 expiare

386 3758 730 3833 humanam
779 3760 1166 3856 pravitatem
1218 3760 1511 3852 student,-
1558 3784 1685 3833 nee
1731 3761 1944 3832 solum
1995 3758 2443 3852 redintegrato
2494 3762 2616 3829 ve·-

387 3861 519 3933 teri
569 3860 870 3951 dissidio,
923 3860 1042 3932 sed
1092 3862 1288 3934 etiam
1340 3862 1532 3935 novis
1580 3861 1865 3935 inventis
1904 3860 2336 3956 religionibus
2376 3858 2460 3930 ad
2495 3880 2628 3931 new

388 3968 639 4034 ternam
686 3956 1014 4035 miseriam
1069 3963 1536 4036 condemnatos
1586 3986 1736 4035 esse
1787 3969 2158 4052 autumant,
2224 3961 2614 4057 quicumque
2753 3996 2756 3999 ·

146 4096 159 4106 ’
274 4130 278 4137 .
389 4088 520 4136 uon
569 4064 742 4136 idem
795 4064 969 4161 qnod
1018 4064 1151 4161 ipsi
1200 4066 1516 4137 sentiunt.
1619 4063 1756 4136 Hie
1789 4064 1958 4136 enim
1995 4063 2381 4161 principalis
2424 4085 2616 4134 error

276 4248 285 4257 ‚
391 4175 520 4258 est,
574 4190 761 4262 quem
812 4167 945 4237 etsi
994 4165 1237 4239 dadum
1270 4165 1716 4264 deposnerunt
1746 4188 1972 4238 omnes
2011 4165 2126 4261 qui
2166 4165 2456 4261 sapiunt,
2505 4171 2616 4235 ta·-
2653 4186 2662 4195 ·

390 4291 539 4357 men
588 4267 698 4340 hic
742 4268 889 4340 illie
939 4275 1008 4340 et
1057 4269 1294 4365 vulgus
1344 4277 1413 4341 et
1451 4267 1900 4365 superstitiosi
1929 4267 2242 4358 retinent,
2294 4265 2614 4338 acerrimo

393 4378 607 4443 autem
658 4376 925 4461 tuentur
971 4369 1122 4464 illi,
1186 4369 1303 4467 qui
1347 4393 1422 4471 se
1472 4395 1632 4464 eos,
1681 4369 1936 4467 quibus
1983 4365 2476 4466 persuaserint,
