3192 4992
867 318 1454 382 EMENDATIONES
1495 322 1975 434 PnJDAchE.
2403 329 2531 396 159
2572 347 2591 360 “

319 487 692 561 scriberem.
827 482 1128 556 Pessime
1165 483 1368 558 'enim
1433 494 1503 560 et
1560 489 1975 564 incisionem*
2010 492 2386 587 egreditur,
2459 506 2530 569 et

317 590 582 660 duarum
629 585 1026 682 syllabarum
1075 610 1303 659 vocem
1353 587 1752 687 discerptam
1787 593 1985 665 babet
2014 594 2085 666 in
2123 602 2347 692 partes
2389 596 2529 670 ictu

314 690 693 778 destitutas,
761 687 1079 784 peiusque
1132 689 1372 779 etiam,
1445 690 1505 763 si
1560 694 1985 788 producenda
2035 697 2371 768 anacrusis
2424 706 2527 771 est

312 791 563 866 adiecto
613 815 685 863 ν.
788 786 1169 862 Succenseo
1234 790 1528 864 mihimet
1576 794 1760 889 ipse,
1844 796 2019 890 quod
2081 796 2247 868 illud
2279 798 2530 887 ⁴vitium

310 891 632 986 quomodo
683 891 1048 964 tollendum
1098 899 1277 964 esset
1324 915 1460 965 non
1510 892 1752 970 dudum
1801 896 2134 971 intellexi.
2234 896 2529 997 Scripsit

306 992 675 1064 Pindarus:
1090 993 1098 1005 ’

507 1134 647 1216 ὧδ’
659 1214 670 1222 ,
705 1138 855 1215 εἶπε
903 1139 1441 1237 μαρναμένων·

507 1250 669 1341 φυᾷ
718 1241 805 1316 τὸ
853 1247 1203 1345 γενναῖον
1253 1243 1618 1343 ἐπιπρέπει

504 1349 587 1419 ἐκ
635 1349 1001 1441 πατέρων,
1051 1348 1210 1433 παῖ,
1264 1345 1383 1419 σοὶ
1430 1354 1662 1443 λῆμα·
1730 1346 2060 1444 θαέομαι
2111 1350 2341 1449 σαφὲς

508 1441 889 1545 δράκοντα
937 1445 1267 1521 ποικίλον
1317 1450 1548 1532 αἰθᾶς
1580 1449 1938 1548 Ἀλκμᾶν’
1996 1451 2109 1525 ἐπ’
2167 1450 2478 1538 ἀσπίδος

505 1549 884 1644 νωμῶντα
931 1554 1229 1645 πρῶτον
1277 1550 1357 1623 ἐν
1405 1546 1726 1648 Κάδμου
1774 1548 2057 1636 πύλαις.

187 1742 191 1747 -
301 1701 518 1777 Suum
566 1700 1007 1797 Amphiaraus
1070 1699 1278 1772 filium
1327 1700 1797 1776 Alcmaeonem
1862 1706 2192 1802 appellat,
2259 1707 2342 1779 de
2393 1732 2523 1804 quo

283 1799 459 1875 'dein
509 1802 708 1875 tertia
755 1825 1040 1898 persona
1090 1810 1283 1874 utens
1334 1804 1520 1901 loqui
1569 1806 1817 1902 pergit.
1916 1806 2253 1881 Habemus
2303 1809 2404 1881 sic
2452 1817 2524 1882 et

297 1905 691 1977 incisionem
738 1904 809 1974 in
859 1904 980 1975 illo
1033 1927 1162 1974 uno
1218 1929 1434 1997 versu,
1493 1907 1564 1978 in
1618 1932 1746 2003 quo
1797 1909 1980 1979 laesa
2029 1917 2197 2001 erat,
2249 1911 2525 1983 restitu-

299 2016 472 2097 tam,
541 2012 609 2077 et
674 2027 865 2100 quam
929 2006 1319 2078 confirmant
1379 2016 1647 2103 praeter
1709 2033 1907 2080 unum
1972 2034 2228 2082 versum
2292 2037 2520 2084 omnes
2640 2082 2661 2099 N

295 2109 566 2204 longam
617 2106 989 2178 anacrusin.
1091 2105 1235 2178 Iam
1301 2110 1448 2203 quis
1500 2109 1860 2202 dubitabit,
1935 2112 2090 2206 quin
2141 2111 2337 2185 etiam
2388 2105 2568 2185 una7

296 2210 417 2281 illa
482 2208 701 2280 brevis
752 2208 1089 2279 anacrusis
1153 2207 1243 2279 sit
1305 2203 1752 2283 removenda?
1847 2210 1983 2284 Est
2032 2213 2102 2283 id
2151 2221 2367 2286 antem
2416 2213 2523 2286 fa·-

297 2310 643 2382 cillimum.
745 2306 1183 2381 Scribendum
1235 2310 1444 2381 enim:

551 2458 915 2558 κρέσσονα
964 2453 1286 2532 πλούτου
1333 2457 1745 2558 μέρμηραν.
1815 2461 1899 2535 ἐν
1948 2458 2023 2534 δ’
2083 2460 2327 2563 ὀλίγῳ.

487 2584 673 2683 'Plus
723 2610 975 2707 negotii
1023 2609 1294 2683 facessit
1342 2611 1493 2683 finis
1546 2610 1943 2708 epodorum=

439 2773 448 2784 ‘
556 2791 625 2834 α.
696 2758 866 2835 υἱὸν
914 2757 1089 2856 ποίᾳ
1140 2758 1623 2858 Παρνασσίδι
1669 2765 1945 2859 Δωριεῖ
1988 2789 2066 2835 τε
2115 2759 2366 2862 κιόμῳ.

552 2864 631 2961 β.
698 2860 905 2944 υἱοὺς
960 2861 1235 2958 Θήβαις
1281 2860 1580 2958 ᾐνίξατο
1631 2862 2144 2961 παρμένοντας
2193 2869 2448 2964 αἰχμᾷ.

550 2993 620 3066 7·
691 2961 1234 3058 μαντευμάτων
1264 2965 1330 3036 τ’
1372 2960 1718 3062 ἐφάψατο
1752 2988 1896 3066 συγ
1947 2961 2178 3040 όνοισι
2208 2966 2517 3062 τέχναις.

552 3064 623 3139 ὃ.
693 3062 934 3147 νίκαις
980 3063 1311 3161 τρίσσαις
1342 3065 1839 3164 Ἀριστομένει
1929 3062 2269 3160 άμασσας
2301 3070 2515 3170 ἔργῳ.

556 3197 609 3240 ε.
691 3170 927 3262 Πηλεῖ
971 3194 1049 3240 τε
1096 3166 1419 3269 κάγαθῷ
1464 3164 1844 3263 Τελάμωνι
1888 3163 2031 3242 σύν
2075 3168 2144 3242 τ’
2188 3168 2518 3265 Ἀχιλλεῖ.

270 3320 449 3394 ‘Non
502 3320 740 3392 mirum
789 3327 892 3391 est
921 3319 993 3391 in
1025 3319 1153 3391 hac
1190 3342 1605 3391 numerorum
1637 3319 2016 3393 diversitate
2050 3320 2282 3394 dubios
2309 3321 2517 3395 fuisse

298 3423 612 3512 criticos,
676 3444 803 3515 qua
850 3422 1045 3493 metri
1095 3422 1246 3517 lege
1296 3421 1420 3493 hos
1472 3444 1700 3493 versus
1751 3422 2036 3518 scriptos
2086 3446 2233 3494 esse
2285 3447 2521 3495 cense-

297 3533 473 3617 rent,
529 3523 967 3620 prolatasque.
1006 3547 1202 3617 quum
1251 3523 1331 3593 ab
1382 3522 1559 3612 aliis,
1613 3530 1749 3595 tum
1799 3546 1840 3594 a
1872 3546 1976 3594 me
2005 3522 2154 3619 ipso
2191 3532 2344 3596 sunt
2374 3524 2519 3597 for·-
2594 3571 2595 3574 =

296 3649 443 3699 mae
497 3633 892 3714 metrorum,
960 3624 1191 3720 quibus
1243 3631 1672 3697 excusaretur
1737 3624 1995 3720 quidem
2044 3625 2517 3720 quodammodo

299 3733 488 3798 tanta
540 3725 1016 3822 discrepantia,
1069 3725 1188 3797 sed
1236 3735 1454 3797 tamen
1502 3749 1634 3797 non
1683 3725 1781 3797 ita
1827 3725 2088 3797 defendi
2136 3727 2391 3823 potuit,
2442 3735 2519 3800 nt

301 3830 444 3924 apti
498 3835 567 3900 et
613 3828 778 3898 bene
829 3826 1175 3924 compositi
1226 3851 1372 3899 esse
1400 3825 1656 3898 numeri
1699 3826 2094 3898 viderentur.
2192 3826 2518 3901 Nimirum

303 3952 533 4001 omnes
599 3952 642 3999 a
703 3925 871 4002 falso
935 3927 1261 4024 principio
1328 3952 1584 4000 eramus
1648 3927 1958 4024 profecti.
2085 3927 2255 4001 Nam
2319 3954 2516 4026 quum

304 4028 483 4125 quod
529 4029 603 4101 in
650 4029 847 4101 tertia
897 4029 1107 4126 epodo
1149 4035 1275 4120 est,
1300 4097 1306 4103 .
1327 4024 1897 4125 μαντευμάτων,
1948 4037 2079 4101 tam
2114 4030 2368 4102 firmum
2409 4032 2514 4102 vi-

305 4130 610 4219 deretur,
658 4139 735 4203 nt
781 4155 865 4203 ne
917 4130 1141 4203 umbra
1192 4130 1450 4227 quidem
1499 4131 1895 4227 suspicionis
1945 4132 2069 4202 ulli
2113 4133 2184 4203 in
2237 4140 2514 4204 mentem

305 4233 599 4325 veniret,
669 4233 796 4304 iste
850 4256 1076 4305 versus
1141 4256 1263 4328 pro
1314 4233 1466 4328 lege
1519 4240 1586 4304 et
1635 4256 1902 4323 norma,
1975 4232 2057 4304 ad
2123 4256 2313 4329 quam
2364 4231 2514 4303 exi-

307 4334 508 4428 gendi
570 4341 792 4418 essent
848 4333 1103 4408 numeri
1116 4384 1144 4426 ,
1215 4341 1319 4406 est
1365 4333 1653 4405 habitus.
1753 4332 1951 4408 Vnde
1999 4343 2193 4406 natae
2243 4340 2396 4404 sunt
2441 4333 2514 4405 in
