3192 4992
662 362 752 429 eo
1039 331 1042 338 ’
1269 362 1636 425 DEFENsm
1678 361 2291 427 mssauTATloNts
2392 405 2395 412 .

663 555 819 605 num
867 526 1290 627 ὑποβολέως
1338 530 1718 603 oblitterata
1765 540 1910 604 erat
1960 531 2303 628 memoria)
2354 528 2473 603 sed
2523 527 2888 601 dixerimne

477 657 488 668 ·
523 717 533 726 ο
666 632 844 730 quod
892 656 1019 704 nec
1066 632 1215 705 fieri
1237 637 1388 705 'nec
1438 632 1570 706 dici
1621 633 1916 730 potuerit
1963 633 2093 705 nisi
2143 632 2225 704 ab
2277 631 2646 706 hominihus
2698 631 2888 702 valde

665 735 952 831 ineptis,
1001 733 1073 806 id
1120 733 1207 805 iis
1256 733 1557 831 relinquo
1611 733 2121 826 aestimandum,
2195 734 2307 830 qui
2356 757 2578 807 secum
2631 732 2893 827 cogita-

665 836 854 928 bunt,
906 834 1080 933 quod
1131 834 1303 932 apud
1353 859 1477 907 nos
1526 835 1631 927 fit,
1682 836 1832 908 fieri
1871 836 2168 933 potuisse
2200 835 2399 907 etiam
2429 833 2601 931 apud
2632 832 2889 921 Teios3

665 936 1276 1033 recitationemque‚
1330 937 1583 1033 qualem
1638 937 1820 1029 dixi,
1884 937 2146 1009 minime
2198 936 2552 1009 abhorrere
2604 934 2686 1006 ab
2738 933 2890 1005 aliis

669 1062 837 1136 quae
901 1046 970 1110 et
1031 1038 1153 1112 illa
1214 1037 1285 1110 in
1346 1039 1780 1136 inscriptione
1847 1047 1915 1112 et
1963 1039 2033 1111 in
2085 1037 2256 1109 Chia
2305 1045 2892 1110 commemorantur

664 1157 1021 1239 puerorum
1043 1147 1237 1237 atque
1267 1139 1784 1213 adolescentium
1812 1139 2310 1228 certaminibus;
2348 1139 2629 1235 denique
2659 1137 2891 1209 orandi

667 1242 1180 1315 exercitationes
1231 1249 1301 1313 et
1349 1242 1709 1339 specimina
1756 1241 2048 1316 moribus
2079 1249 2275 1338 atque
2309 1240 2632 1312 institutis
2667 1237 2892 1311 Grae-

666 1368 894 1416 corum
961 1350 1400 1415 consentanea
1464 1367 1614 1415 esse
1664 1344 1784 1416 'vel
1833 1343 2142 1415 maxime.
2257 1341 2611 1422 Postremo
2675 1339 2736 1412 si
2787 1347 2894 1412 te-

665 1468 845 1518 mere
895 1444 1201 1540 ueglecto
1253 1442 1406 1517 loco
1449 1442 1780 1541 Diogenis
1833 1458 2184 1542 spretaque
2221 1441 2538 1517 Chiorum
2588 1441 2893 1513 ludorum

666 1546 975 1642 analogia
1022 1545 1367 1617 refellendi
1420 1546 1701 1642 quodam
1751 1545 1968 1617 studio
2019 1541 2404 1642 ὑποβολὴν
2443 1569 2575 1619 nou
2619 1543 2700 1614 de
2735 1544 2893 1615 rha-

664 1647 901 1745 psodia
952 1647 1289 1743 accepisse
1355 1646 1568 1718 dictus
1621 1672 1803 1739 sum,
1872 1644 2202 1743 Diogenis
2252 1647 2512 1736 locum,
2585 1645 2780 1717 etiam
2833 1644 2893 1715 si

666 1758 737 1822 et
786 1749 1128 1845 scripserit
1176 1748 1292 1819 ille
1344 1749 1423 1831 ἐξ
1460 1746 1834 1844 ὑποβολῆς
1867 1758 1935 1821 et
1974 1748 2043 1819 id
2078 1746 2546 1843 eoecipiemlo
2581 1747 2684 1818 vel
2719 1770 2891 1818 mo-

664 1847 1007 1922 cedendo
1060 1873 1206 1921 esse
1259 1849 1579 1942 voluerit,
1661 1850 1829 1921 nihil
1890 1849 1973 1920 ad
2038 1873 2174 1921 rem
2240 1848 2461 1921 facere
2511 1848 2643 1920 iam
2694 1870 2894 1944 supra

668 1951 967 2043 ostendi,
1034 1948 1350 2050 Chiorum
1402 1960 1618 2023 autem
1680 1951 1980 2024 ludorum
2033 1950 2341 2046 analogia
2390 1948 2712 2022 eiusmodi
2763 1961 2891 2039 est,
3012 1970 3017 1978 ·

668 2060 742 2124 ut
791 2060 1214 2150 propterea,‘
1249 2052 1423 2148 quod
1473 2053 1542 2124 in
1595 2051 1786 2127 Chiis
1834 2051 2011 2123 ludis
2062 2048 2414 2148 ῥαψῳδία
2465 2060 2742 2147 sequuta
2791 2064 2895 2123 est

666 2151 1125 2278 ἀνάῖνωσιν,
1176 2154 1246 2225 in
1297 2152 1493 2225 Teiis
1545 2164 1761 2226 autem
1815 2148 2249 2254 ἀνάγνωσιν
2296 2153 2661 2250 praecessit
2707 2149 2894 2226 ὐπο-

653 2255 854 2351 -βολη
904 2250 1470 2337 ἅνταποδόσεως
1520 2256 1738 2352 (sive,
1793 2263 1865 2329 ut
1913 2254 2260 2327 Boeckhio
2311 2256 2557 2351 placet,
2610 2251 2894 2350 ὑποβο-

666 2363 795 2453 λῆς
843 2352 1398 2447 ἇνταπόδοσις),
1453 2381 1580 2454 ego
1625 2383 1704 2430 eo
1741 2358 1952 2442 miuus
1979 2356 2262 2430 iudicem
2313 2351 2695 2450 ὑποβολὴν
2722 2355 2894 2427 idem

666 2483 815 2531 esse
867 2458 1042 2555 quod
1096 2455 1533 2555 ῥαψῳδίαν,
1603 2459 1818 2555 quod,
1886 2482 2081 2555 quum
2132 2458 2330 2529 etiam
2381 2458 2532 2529 aliis
2585 2457 2894 2530 certami-

621 2585 818 2633 ,num
868 2560 1218 2656 generibus
1245 2561 1385 2650 „isti
1432 2561 1574 2631 ludi
1625 2562 1799 2632 inter
1850 2585 1922 2632 se
1975 2560 2220 2632 diversi
2258 2559 2528 2649 fuerint,
2581 2559 2894 2630 similitu-

666 2660 883 2732 dinem
947 2661 1172 2757 potius
1223 2660 1547 2732 recitandi
1613 2668 1682 2732 et
1748 2660 2023 2732 canendi
2088 2661 2511 2732 certaminum
2564 2684 2891 2756 agnosco,

668 2785 863 2859 quam
909 2770 986 2833 ut
1033 2757 1426 2856 {moso’offiyu
1477 2769 1710 2832 contra
1773 2783 1962 2857 quam
2027 2760 2175 2831 fieri
2238 2761 2537 2856 potuisse
2587 2762 2890 2857 intelligo

572 2864 842 2940 Ibidem
906 2886 1053 2934 cum
1118 2860 1472 2958 rhapsodia
1534 2861 1741 2933 fuisse
1808 2859 2119 2933 adducar.
2236 2862 2413 2951 Quin
2478 2865 2584 2935 vel
2646 2887 2771 2959 per
2821 2887 2890 2935 se

663 2988 940 3061 prorsus
1008 2987 1136 3035 non
1200 2969 1422 3059 potest
1473 2961 1695 3053 credi,
1765 2971 1961 3058 quum
2025 2960 2377 3059 ῥαψῳδία
2427 2989 2664 3037 nomen
2715 2972 2895 3038 esset

663 3065 962 3151 in,omui
1016 3062 1307 3137 Graecia
1356 3063 1879 3155 usitatissimum,
1933 3066 2115 3137 solos
2153 3064 2367 3137 Teios
2419 3065 2591 3161 quod
2645 3066 2893 3139 caeteri

664 3163 1068 3264 ῥαψῳδίαν
1115 3175 1452 3257 vocarent,
1503 3166 1910 3240 alienissimo
1963 3167 2282 3240 vocabulo
2334 3164 2717 3266 ὑποβολήν
2770 3191 2892 3264 ap-
2999 3168 3005 3179 ’

664 3270 990 3368 p'cllasse.

867 3421 1057 3492 Haec
1110 3418 1386 3516 quidem*
1417 3418 1760 3491 hactenus.
1861 3418 2121 3491 Addam
2169 3418 2316 3511 his,
2373 3417 2513 3491 sive
2564 3419 2633 3491 id
2684 3420 2892 3493 resel-

667 3522 849 3595 lendi
898 3520 1157 3613 studio,
1210 3520 1348 3592 sive
1371 3605 1378 3614 „
1402 3529 1474 3593 ut
1525 3522 1734 3594 amico
1786 3521 2046 3593 laudem
2098 3545 2281 3593 snam
2332 3520 2695 3614 vindicem,
2750 3523 2888 3595 sive

668 3647 1050 3722 quacunque
1103 3623 1357 3695 demum
1380 3672 1386 3681 ·
1410 3647 1645 3695 caussa
1695 3623 1913 3695 facere
1963 3622 2272 3715 videbor,
2346 3646 2558 3719 pauca
2610 3623 2713 3696 de,
2745 3624 2889 3720 epi-

521 3751 526 3760 ’
667 3733 1050 3822 grammate,
1106 3724 1279 3821 quod
1328 3724 1397 3795 in
1451 3723 1678 3796 eadem
1729 3725 1849 3796 illa
1897 3741 2086 3821 parte
2139 3722 2458 3822 Corporis
2491 3722 2889 3823 Inscriptio-

667 3852 820 3898 num
869 3853 944 3923 p.
977 3828 1151 3902 578.
1202 3851 1271 3897 n.
1295 3827 1526 3901 2907.
1579 3834 1929 3899 tractatum
1980 3833 2108 3898 est.
2207 3826 2544 3898 Audacius
2594 3827 2665 3898 id
2707 3851 2887 3899 more

669 3953 800 4001 suo.
844 3938 1227 4001 correxerat
1259 3924 1657 4002 ,Brunckius
1722 3929 1793 3999 in
1840 3927 2122 4000 Adnott.
2187 3927 2268 3998 ad
2319 3928 2519 3999 Anal.
2586 3954 2657 4026 p.
2712 3932 2886 4004 288.

667 4030 962 4103 modeste
989 4027 1332 4102 Iacobsius
1362 4031 1433 4102 in
1464 4029 1775 4128 Append.
1802 4028 2080 4101 Anthol.
2114 4028 2267 4100 Pal.
2298 4054 2369 4126 p.
2398 4030 2573 4104 875.
2609 4056 2680 4103 n.
2711 4033 2884 4106 376.

667 4131 800 4205 Est
850 4139 1066 4203 autem
1113 4131 1268 4224 hoc,
1323 4156 1408 4203 ex
1457 4157 1645 4204 muro
1695 4131 1876 4203 urbis
1926 4129 2249 4203 Prienae:

860 4278 1234 4379 Ὑπναὶὃής
1284 4280 1567 4369 Φίλιος,
1618 4278 1946 4379 Κύπριος
1992 4281 2204 4384 γένος
2252 4276 2333 4356 ἐκ
2376 4289 2833 4380 Σαλαμῖνος,

1018 4382 1181 4467 υἱὸς
1230 4381 1633 4458 δυστονοεν
1682 4383 2005 4459 ἄπλοκον
2054 4380 2278 4459 εἶδεν·
2301 4385 2513 4483 ὄναρ,
