3192 4992
685 287 692 297 ’
772 328 873 388 ns
916 326 1286 416 ,ιεεοιιιῑι
1328 325 1707 402 ‘rmceeus
1748 325 2145 392 ΤιιΕιιΑΝι-ι.
2398 415 2403 434 ¹
2455 318 2587 396 n<

364 491 582 590 possit
627 492 800 568 hune
846 499 1111 589 poetam
1159 491 1295 574 alia
1339 514 1537 587 quam
1586 490 1957 572 Thebaidis
2006 492 2396 589 scriptorem
2445 503 2586 567 ret-

366 595 637 685 tulisse,
705 613 831 667 nec
893 618 1016 691 per
1073 618 1152 672 se
1202 593 1274 668 id
1323 592 1735 674 verisimile
1782 601 1912 665 est.
2011 593 2274 673 Deinde
2324 619 2587 667 sumen-

366 697 520 768 dum
569 703 808 790 esset,
841 694 1107 791 dequo
1158 695 1327 770 nihil
1378 694 1626 774 dictum
1672 694 1743 770 in
1791 694 2091 770 versibus
2139 695 2327 787 istis,
2392 697 2588 769 simul

368 822 511 870 cum
565 804 755 870 tauro
811 797 1008 872 etiam
1061 820 1323 876 vaccam
1377 817 1525 870 esse
1574 803 1948 872 mactatam.
2048 797 2354 894 Denique
2397 798 2591 869 dubi·
2666 815 2675 826 ·

366 897 678 974 tationem
731 897 893 971 facit
935 899 1131 976 etiam
1173 898 1429 978 incerta
1466 897 1819 994 scriptura,
1873 922 2069 993 quum
2100 899 2175 972 iu
2203 898 2353 972 ced.
2373 896 2589 972 Laut.

233 1081 236 1084 ‚
367 1008 437 1071 et
500 999 610 1070 ed.
669 999 872 1074 Rom.
936 1000 1026 1074 sit
1086 993 1249 1074 τόδ’
1324 992 1748 1093 ‹inductor-
1863 998 2044 1074 Mihi
2104 1001 2366 1095 quidem
2433 1001 2590 1073 olim

367 1109 520 1173 ante
573 1109 856 1174 sextum
865 1125 1144 1174 versum
1197 1101 1526 1178 excidisse
1578 1124 1747 1182 uuus
1796 1125 2025 1178 versus
2077 1100 2457 1194 videbatur,
2519 1102 2592 1173 in

370 1227 500 1298 quo
553 1202 790 1274 fuisset
839 1203 1014 1299 quod
1063 1202 1149 1280 ad
1196 1198 1450 1297 βόειον
1499 1202 1858 1280 referretur
1900 1199 2169 1297 ἰσχίον.
2270 1200 2411 1276 Sed
2464 1203 2592 1276 etsi

372 1303 634 1376 omniuo
698 1304 818 1376 illa
868 1329 1032 1382 voce
1085 1329 1250 1402 opus
1303 1312 1444 1396 est,
1486 1346 1492 1360 ..
1517 1304 1578 1378 si
1628 1305 1967 1378 consensit
2028 1304 2140 1379 hic
2198 1314 2398 1401 pecta
2446 1330 2594 1377 cum

372 1404 698 1500 scriptore
723 1404 1147 1497 Thebaidis,
1198 1415 1416 1480 tamen
1470 1430 1598 1482 nou
1650 1416 1753 1478 est
1798 1405 2179 1482 necessario
2228 1405 2309 1480 de
2358 1406 2596 1480 lacuna

373 1505 819 1602 cogitandum,
874 1508 1026 1603 quia
1074 1507 1241 1582 illud
1293 1505 1462 1580 ἀντὶ
1509 1512 1645 1579 τοῦ
1695 1505 2149 1600 κεκομμένου
2202 1515 2333 1580 tam
2360 1507 2594 1582 inutile

374 1615 517 1697 est,
588 1615 664 1678 ut
714 1631 753 1678 a
803 1608 1228 1703 grammatico
1296 1608 1518 1706 potius
1571 1607 1911 1679 evanidam
1978 1609 2367 1704 scripturam
2420 1608 2595 1680 inte-

374 1715 607 1803 grante
660 1732 849 1804 quam
903 1710 982 1780 ab
1033 1711 1181 1807 ipso
1233 1719 1430 1807 poeta
1464 1709 1827 1807 profectum
1865 1709 2188 1782 videatur.
2290 1707 2594 1808 Septimo

375 1834 568 1881 versu
622 1811 777 1907 quin
827 1812 907 1883 ἐκ
943 1812 1208 1903 θυμοῦ
1259 1834 1603 1909 perperam
1654 1811 1969 1909 scriptum
2020 1813 2134 1901 sit,
2193 1812 2300 1882 vix
2351 1811 2599 1912 poterit

377 1911 684 1983 dubitari.
787 1910 870 1985 Iu
922 1919 1153 1985 octavo
1205 1936 1509 2010 nonoque
1559 1928 1756 1986 versu
1818 1912 1992 2009 quod
2045 1912 2401 1985 Turnebus
2453 1911 2602 1984 edi·-

360 2013 498 2103 dit,
548 2008 660 2094 τίς
707 2039 835 2104 μοι
884 2007 1053 2086 τάδ’
1113 2011 1499 2103 ἇνθόμοια
1546 2011 1862 2111 μισητὸν
1909 2011 2126 2112 κρέας
2152 2011 2440 2109 πέμπει,
2492 2013 2609 2088 nis--

376 2115 500 2185 mis
552 2114 897 2187 manifesto
952 2124 1397 2188 correctorem
1445 2116 1715 2243 prodit,
1749 2140 1940 2212 quam
1988 2125 2063 2188 ut
2111 2126 2357 2188 temere
2409 2137 2603 2212 sper-

377 2215 628 2288 nendae
693 2216 826 2287 sint
886 2223 1142 2288 veteres
1194 2217 1562 2314 scripturae
1628 2211 1791 2289 τόδ’Δ
1851 2212 2253 2312 ἄντόμοιον
2303 2225 2372 2288 et
2420 2214 2604 2309 πέμ-

378 2344 563 2389 πων.
664 2315 898 2412 Neque
950 2341 1106 2389 vero
1143 2325 1326 2389 recte
1373 2319 1545 2414 qum,
1601 2317 1823 2407 credo,
1880 2319 2280 2413 corrigeret,
2332 2315 2442 2398 τίς
2473 2343 2604 2410 μοι

377 2413 547 2490 τάδ’
609 2414 1034 2512 ἀνθόμοια,
1083 2416 1397 2516 μισητὸν
1445 2419 1684 2514 κρέας,
1737 2415 2084 2511 neptunum
2155 2427 2269 2491 aut
2318 2415 2427 2500 τίς
2474 2444 2605 2505 μοι
2736 2461 2743 2468 -

378 2515 579 2606 τόδ’,
647 2515 1040 2613 ἀνθόμοι’,
1107 2516 1147 2591 ὃ
1196 2517 1511 2616 μισητὸν
1558 2547 1775 2617 κρεας
1824 2517 2173 2614 πέμπων,·
2226 2529 2376 2609 aut,
2422 2518 2608 2647 quod
2684 2595 2689 2604 ,

382 2620 635 2693 duobus
685 2620 896 2691 modis
947 2620 1327 2718 interpungi
1379 2629 1623 2718 potest,
1676 2618 1788 2702 τίς
1835 2648 1966 2715 μοι
2013 2615 2184 2693 τάδ’
2239 2616 2598 2739 ἀνθόμρι’

383 2718 423 2794 ὅ
475 2719 789 2841 μισητὸν
838 2719 1053 2818 κρέας
1114 2720 1463 2817 neptunum
1525 2723 1809 2794 Accedit
1873 2722 2048 2822 quod
2099 2722 2213 2794 vix
2278 2721 2436 2824 alibi
2499 2722 2654 2792 in-·

388 2824 681 2896 venietur
730 2824 857 2896 hoc
921 2824 1308 2896 vocabulum
1376 2818 2276 2922 ἇνθόμοιος,ι1ιιιιιιιι1ιιειιιι
2344 2819 2606 2896 minime

383 2925 547 2997 illud
604 2923 1060 2996 damnandum.
1161 2924 1243 2997 In
1298 2924 1551 3032 decimo
1608 2950 1826 3015 versu,
1878 2934 2144 3023 praeter
2168 2925 2609 3026 melebantem

386 3026 762 3099 trochaeum
814 3021 1114 3122 τυφλός,
1166 3049 1602 3122 numerosque
1651 3026 1825 3098 haud
1877 3027 2038 3098 satis
2069 3027 2452 3116 concinnos,
2503 3027 2612 3097 in-

386 3138 538 3223 epte
590 3125 836 3200 dictum
887 3136 990 3198 est
1042 3122 1357 3209 θύοντες
1404 3125 1651 3222 ὕβρει,
1715 3128 1777 3204 si
1824 3128 1896 3200 id
1945 3136 2050 3202 est
2080 3124 2454 3223 furentes
2505 3139 2610 3200 to-

385 3229 766 3319 meritate,
821 3229 999 3324 quia,
1052 3229 1165 3299 ubi
1213 3228 1297 3300 de
1329 3228 1678 3312 „sacrificio
1729 3252 1949 3306 sermo
1977 3239 2105 3319 est,
2159 3229 2608 3304 sacrificantes

266 3405 274 3415 ,
386 3330 609 3427 potius
660 3330 1145 3426 intelliguntur.
1249 3330 1492 3404 Tertio
1562 3331 1815 3406 decimo
1883 3330 2162 3427 denique
2215 3354 2410 3401 versu
2458 3330 2613 3401 lan-

390 3431 840 3526 guidissimum
892 3442 995 3504 est
1046 3430 1383 3507 αὐτοῖσιν
1433 3427 1728 3523 αὐτούς,
1827 3431 2019 3508 Haec
2070 3433 2289 3506 omnia
2346 3430 2458 3528 qui
2507 3430 2616 3502 di-

390 3535 678 3627 ligeuter
730 3532 1215 3630 ponderaverit,
1268 3535 1386 3605 vix*
1432 3533 1756 3608 dubitabit
1806 3535 1964 3630 quiu
2012 3533 2199 3610 hami⁴
2228 3533 2454 3630 paullo
2485 3531 2615 3603 ali-

393 3647 497 3707 ter
546 3634 781 3732 scripti
844 3634 1089 3707 fuerint
1149 3660 1376 3708 versus
1439 3636 1556 3708 isti
1607 3644 1952 3731 antequam
2002 3635 2485 3731 refingerentur
2533 3634 2614 3705 ab

393 3736 812 3809 emendatore
863 3737 1164 3812 metrico.
1237 3737 1483 3829 Quod
1530 3737 1665 3812 nisi
1727 3761 1832 3812 me
1881 3737 2057 3812 fallit
2108 3736 2374 3833 opinio,
2444 3737 2615 3809 tales

393 3840 535 3911 fere
585 3838 888 3911 fuerunt.

703 3937 817 4013 ἀεὶ
866 3938 977 4029 δ’,
1029 3937 1230 4035 ὁρῶν
1279 3966 1423 4039 γαρ
1477 3932 1634 4027 ὀξύ,
1684 3935 1812 4014 καὶ
1857 3933 2137 4035 τυφλός
2183 3965 2344 4036 περ,
2395 3932 2515 4035 ἦν,

696 4039 975 4124 θυσίας
1023 4041 1096 4143 γ’
1157 4039 1495 4135 ἀπαρχὰς
1542 4039 1761 4141 γέρας
1807 4039 2219 4135 ἐπέμπομυ
2267 4040 2516 4136 πατρί,

702 4140 884 4237 βοὸς
930 4142 1305 4271 περισσὸν
1328 4138 1562 4238 ὦμον,
1615 4143 1945 4235 ἔκκριτον
1995 4140 2242 4239 κρέας·

707 4244 746 4318 ὃ
773 4240 891 4370 δή
940 4273 1023 4348 γε
1076 4238 1637 4371 συγκόψαντες,
1660 4243 1751 4319 οὐ
1799 4243 2274 4373 μεμνημένοι,

609 4349 659 4424 5
709 4339 952 4440 λήσειν
1001 4345 1416 4435 δοκοῦντες,
1468 4344 1910 4421 ἇντίκοπτον
1957 4344 2200 4441 ἰσχίον
