3192 4992
1112 411 1117 426 ,
1230 369 1416 432 PARS
1457 371 1700 434 Ριιιοιι.
2029 397 2036 404 x
2495 376 2582 470 es

350 557 525 633 quos
601 534 817 610 subito
879 533 1252 631 intercepta
1310 536 1412 608 vis
1448 537 1699 616 vitalis
1762 537 2131 636 exstinguit
2196 541 2409 634 viros,
2479 543 2582 620 sio

354 638 504 735 ipsa
550 636 826 708 feminas
875 637 1030 708 telis
1082 637 1221 710 suis
1271 636 1649 712 interimere
1703 639 1969 716 dieitur·
2085 640 2441 741 Exemplis
2492 669 2578 718 ex

353 747 630 837 utroque
682 762 927 835 genere
976 746 1128 809 utar
1176 737 1324 814 his.
1399 737 1650 835 Odyss.
1700 739 1842 813 HI.
1896 743 2072 817 279.

551 890 749 964 ε’νθα
798 883 1260 985 κυβερνήτην
1310 885 1709 965 Μενελαου
1762 893 2049 988 Φοῖβος
2084 889 2460 969 Ἀπόλλων

554 987 666 1073 οἷς
715 990 1020 1117 ἀγανοῖς
1064 988 1438 1086 βελέεσσιν
1486 988 1955 1087 ἐποιχόμενος
2002 994 2478 1092 κατέπεφνεν,

554 1087 918 1187 πηδάλιον
966 1090 1153 1187 μετὰ
1194 1090 1407 1187 χερσὶ
1456 1091 1779 1191 θεούσης
1826 1093 2076 1191 νηὸς’
2051 1101 2340 1191 ε’χοντα,

556 1188 892 1292 Φρόντιν
923 1192 1436 1293 Ὀνητορίδην.

348 1345 993 1422 X1.171antem
1041 1345 1292 1420 Vlixes
1340 1348 1606 1419 umbrae
1655 1348 1885 1422 matris
1935 1372 2093 1421 suae
2145 1299 2344 1422 dieit-

554 1493 668 1580 τίς
713 1491 811 1572 νύ
864 1519 943 1571 σε
992 1493 1130 1594 κὴρ
1180 1491 1553 1592 ἔδαμασσε
1599 1487 2027 1626 τανηλεγέος
2064 1495 2474 1590 θανάτοιο,·

553 1593 601 1695 ἦ
653 1597 907 1694 δολιχὴ
956 1606 1247 1688 νοῦσος,
1296 1597 1349 1695 η
1378 1600 1738 1728 ’Ἄρτεμις
1783 1600 2110 1698 ἰοχέαιρα

557 1697 666 1784 οἷς
717 1699 1022 1803 ἀγανοῖς
1067 1699 1440 1796 βελέεσσιν
1489 1702 1920 1798 ἐποιχομένη
1969 1701 2461 1801 κατέπεφνεν;

351 1852 522 1928 Nam
576 1854 687 1949 qui
734 1853 919 1928 nulla
967 1854 1323 1971 conspicua
1371 1878 1609 1928 caussa
1657 1854 2048 1946 moriuntur,
2110 1878 2233 1950 per
2282 1879 2399 1928 eos
2452 1856 2676 1938 visil3

350 1964 508 2029 sunt
570 1956 730 2027 deos
783 1955 917 2027 vita
965 1956 1255 2051 privari,
1329 1979 1606 2053 quorum
1671 1957 1864 2029 mites
1931 1963 1998 2029 et
2065 1956 2342 2029 benefici
2405 1957 2578 2029 radii

348 2057 496 2129 sine
548 2056 778 2129 dolore
828 2057 1027 2130 vitam
1079 2057 1435 2131 auferrent.
1536 2056 1874 2130 Dicuntur
1898 2057 1970 2129 id
2004 2065 2216 2130 autem
2246 2059 2351 2129 illi
2380 2061 2578 2131 etiam

336 2159 508 2248 ,irati
555 2157 803 2245 facere,
828 2163 929 2229 ιιι
976 2157 1048 2229 in
1097 2157 1352 2231 Niobae
1403 2160 1594 2255 prole
1646 2156 1848 2231 Iliad.
1900 2158 2194 2230 XXIV.
2246 2162 2424 2234 604.

555 2308 632 2392 ἓξ
677 2335 818 2402 ιιεν
852 2306 1299 2435 θυγατέρες,
1353 2308 1429 2391 ἑξ
1475 2305 1549 2382 δ’
1609 2307 1794 2390 υἱέες
1840 2302 2245 2404 ἡβωοντες·

552 2407 726 2492 τοὺς
775 2405 915 2504 ,ιιεν
949 2404 1348 2482 Ἀπόλλων
1398 2406 1677 2505 πέφνεν
1727 2409 1854 2482 ἀπ’
1894 2408 2282 2534 ἀργυρέοιο
2330 2407 2534 2504 βίοιο

547 2505 930 2606 χωόμενος
981 2506 1272 2607 Νιόβῃ,
1300 2507 1433 2591 τὰς
1483 2506 1622 2584 δ”
1621 2509 1959 2610 Ἀρτεμις
2008 2509 2357 2609 ἰοχέαιρα.

348 2661 521 2737 Et
498 2688 569 2735 ιιι
616 2660 989 2735 Laodamia
1036 2660 1173 2734 VI.
1227 2662 1403 2737 205.

552 2811 690 2911 τὴν
740 2807 824 2887 δε
865 2810 1348 2910 χολωσαμένη
1391 2798 1794 2911 χρυσήνιος
1828 2811 2183 2910 ”Aquam
2229 2811 2424 2887 ε’κτα.

501 2981 834 3057 videatur
873 2982 1156 3054 fortasse
1198 2981 1409 3078 magis
1452 2981 1649 3054 etiam
1687 2981 2104 3053 corroborari
2131 2982 2397 3052 illorum
2425 2981 2579 3078 opi-

350 3086 505 3177 nio,
578 3085 691 3180 qui
743 3084 952 3156 solem
1003 3092 1081 3166 et,
1118 3084 1335 3156 lunam
1389 3082 1755 3175 significari
1804 3081 2141 3180 Apollinis
2201 3091 2270 3154 et
2315 3082 2578 3154 Dianae

353 3187 725 3262 nominibus
778 3186 1197 3276 existimant,
1268 3184 1330 3255 si
1382 3186 1572 3279 origo
1625 3183 1858 3255 horum
1909 3183 2364 3256 consideratur
2412 3183 2579 3255 deo-

340 3313 521 3361 sum.
624 3286 793 3360 Nam
846 3287 1080 3384 quibus
1111 3284 1444 3358 Latonam
1493 3284 1801 3357 tenebras
1853 3292 1921 3358 et
1972 3285 2321 3380 caliginem
2365 3284 2578 3355 inter-

300 3448 325 3456 -
351 3389 604 3487 pretari
646 3390 899 3488 placet,
953 3412 1110 3461 sane
1145 3388 1418 3478 faciunt,
1470 3396 1544 3457 ut
1586 3387 1974 3459 suavissima
2004 3385 2282 3483 prodeat
2314 3385 2574 3457 fabula·

351 3491 606 3579 Iovem,
660 3490 770 3586 qui
819 3491 1060 3587 ubique
1110 3489 1333 3561 fervor
1383 3495 1486 3560 est
1537 3495 1606 3560 et
1654 3489 1756 3560 vis
1806 3487 2211 3584 genitabilis,
2265 3510 2353 3558 ex
2383 3495 2576 3560 tene-
2679 3495 2692 3510 “

352 3592 493 3665 bris
545 3593 880 3664 excitasse
930 3599 1001 3663 et
1049 3592 1213 3664 solis
1262 3589 1585 3662 radiatum
1633 3590 1823 3661 iubar
1872 3598 1941 3661 et
1987 3589 2314 3686 placidam
2359 3587 2576 3662 lueem
2681 3589 2690 3596 ’

220 3709 227 3720 ·
352 3695 576 3766 lunae.
679 3692 855 3785 Quin
908 3716 1076 3791 quae
1125 3693 1208 3764 de
1257 3689 1526 3764 Latona
1574 3691 1816 3765 eeeinit
1855 3690 2194 3763 Hesiodus
2239 3691 2311 3762 in
2338 3688 2577 3763 Theo-

354 3796 557 3915 gonia
604 3818 670 3867 v.
722 3797 900 3870 404.
950 3796 1048 3866 ita
1094 3794 1165 3866 in
1217 3801 1476 3866 noctem
1527 3800 1888 3911 expetunt,
1958 3799 2035 3863 ut
2083 3789 2318 3863 mirum
2363 3792 2455 3864 sit
2502 3791 2574 3864 ni

352 3899 424 3969 id
473 3897 698 3994 ipsum
746 3897 818 3969 in
865 3904 1095 3969 mente
1126 3895 1454 3987 habuerit,
1507 3894 1621 3989 qui
1661 3918 1806 3967 eam
1837 3893 2346 3991 descriptionem
2372 3892 2572 3965 fecit.

557 4044 810 4146 Φοίβη
860 4046 935 4122 δ’
997 4039 1095 4121 αὖ
1133 4043 1364 4120 Κοίου
1412 4039 1879 4142 πολυήρατον
1925 4038 2163 4172 ηλθεν
2209 4044 2282 4127 ἐς
2320 4037 2569 4138 ευνήν,

553 4152 932 4246 κυσαμένη
983 4147 1152 4278 «522³
1127 4152 1370 4222 ε’πειτα
1417 4146 1567 4221 θεὰ
1615 4149 1804 4221 θεοῦ
1855 4148 1937 4221 ἐν
1986 4140 2321 4273 φιλότητι

559 4250 788 4347 Λητω
837 4256 1347 4327 κυανοπέπλον
1394 4246 1723 4377 ἐγείνατο
1771 4244 2124 4343 μείλιχον
2149 4243 2317 4335 αἰεί,

555 4352 775 4449 ἤπιον
824 4347 1296 4460 ἀνθρώποισι
1343 4348 1470 4427 καὶ
1520 4346 1972 4468 ἀθανάτοισι
2018 4351 2342 4424 θεοῖσιν·
