3192 4992
620 373 750 444 192
1057 375 1157 437 DE
1198 367 1990 456 AESCHYLETRILOGHS
2031 370 2346 435 THEBAN
2349 373 2432 434 IS

620 545 853 641 tignna
899 548 1096 637 atque
1146 539 1312 612 adeo
1360 538 1510 636 ipso
1563 561 1711 613 cum
1764 515 1987 613 choro.
2019 540 2532 614 Phoenissamm
2583 537 2652 609 in
2707 535 2849 610 Co·-

621 649 871 735 lonum,
922 643 1144 738 ibique
1196 642 1563 738 supplicem
1612 642 1684 715 in
1728 643 1882 715 luco
1914 640 2182 726 Cereris
2226 650 2295 715 et
2326 642 2673 713 Minervae
2705 639 2850 712 Po·-

621 746 830 819 linchi
898 767 980 816 ac
1027 741 1212 815 Iovis
1265 741 1539 815 Theseo
1604 744 1910 815 mandata
1971 744 2050 816 de
2102 746 2443 841 sepultura
2493 765 2615 814 sua
2666 741 2849 813 dare.

622 848 708 922 In
756 841 1146 943 Appendice
1198 843 1551 940 Trilogiae
1614 833 2029 942 retingantur
2090 847 2257 919 haec
2304 847 2439 936 ita,
2508 852 2585 915 ut
2636 867 2851 939 neque

548 959 564 968 '
626 950 928 1024 occlusas
979 946 1159 1018 fores
1211 942 1475 1042 Oedipo
1527 948 1784 1042 aperiat
1822 947 2185 1044 Antigona,
2237 970 2449 1066 neque
2470 946 2647 1041 ipse
2696 969 2851 1017 cae-

625 1076 743 1126 cus
796 1050 908 1121 sit.
1009 1048 1206 1119 Haec
1251 1057 1463 1118 autem
1529 1056 1607 1120 ιιι
1655 1047 1804 1119 fieri
1854 1057 2164 1144 possent,
2238 1050 2348 1144 qui
2398 1049 2537 1120 loci
2594 1047 2665 1117 in
2714 1045 2850 1118 Sc-

625 1162 805 1256 ptem
856 1150 941 1223 ad
991 1148 1266 1221 Thebas
1329 1156 1399 1220 et
1447 1157 1775 1221 mortuum
1825 1174 1972 1222 esse
2024 1148 2353 1246 Oedipum
2406 1158 2476 1221 et
2526 1169 2850 1221 excaeca-

479 1311 484 1324 .
626 1263 765 1327 tum
814 1251 1020 1324 fuisse
1073 1258 1395 1346 arguunt,
1461 1251 1954 1347 interpretando
2007 1254 2181 1323 versi
2249 1260 2403 1323 sunt
2463 1252 2535 1321 iu
2586 1257 2852 1321 contra-

625 1357 835 1427 riumz
910 1352 1029 1425 sed
1080 1353 1210 1424 etsi
1255 1352 1349 1423 ihi
1395 1367 1470 1450 p.
1531 1354 1700 1427 154.
1754 1354 2021 1446 gravius
2073 1354 2285 1425 notati
2337 1355 2565 1424 mut·
2556 1351 2689 1447 qui
2741 1373 2852 1422 se·-

629 1482 747 1531 cus
799 1461 1188 1546 statuerent,
1238 1454 1328 1525 in·
1359 1453 1638 1525 Diurnis
1689 1455 2106 1527 scholasticis
2158 1478 2222 1528 a.
2277 1457 2499 1530 1832.
2549 1477 2622 1549 p.
2680 1454 2852 1527 167.

627 1579 888 1630 rursum
953 1564 1022 1627 et
1086 1579 1321 1627 caecus
1386 1555 1601 1627 factus
1674 1564 1778 1627 est
1843 1552 2145 1652 Oedipus
2212 1565 2278 1628 et
2343 1565 2639 1627 mortuus
2706 1577 2853 1624 esse

629 1660 866 1732 dictus.
968 1655 1116 1730 Vix
1168 1682 1334 1753 opus
1386 1666 1489 1732 est
1540 1667 1616 1728 ut
1664 1681 2001 1748 moneam,
2052 1682 2135 1728 ne
2189 1658 2373 1753 quis,
2446 1656 2625 1753 quod
2673 1655 2856 1726 nulla

629 1761 824 1859 plane
875 1782 1111 1832 caussa
1158 1758 1320 1830 fecit
1354 1756 1741 1849 Schiitzius‚
1793 1759 1875 1829 ad
1910 1758 2315 1831 Phoenissas
2353 1758 2626 1848 referat,
2682 1755 2858 1853 quod

631 1862 738 1933 ad
766 1861 1220 1957 cognominem
1269 1855 1617 1956 Euripidis
1667 1859 1954 1931 fabulam
2004 1885 2070 1932 v.
2107 1862 2284 1935 942.
2336 1859 2610 1933 tradidit
2658 1859 2859 1930 scho-

630 1964 902 2036 liastes·
973 1960 1044 2034 οἱ
1092 1959 1683 2089 περιλειφθέντες
1728 1967 1887 2035 τῶν
1935 1968 2359 2058 Σπαρτῶν,
2427 1958 2531 2043 ὥς
2564 1954 2860 2087 εΑἰσχύ-

632 2067 756 2145 λος
796 2059 1052 2160 φησίν,
1099 2056 1296 2157 ἦσαν
1320 2058 1688 2151 Χθόνιος,
1746 2061 2096 2151 Οὐδαῖος,
2150 2063 2523 2161 Πέλωρος,
2564 2056 2860 2160 Ὑπερή-

629 2191 786 2262 νωρ
838 2191 966 2237 και
995 2161 1285 2259 Ἐχίων.

833 2267 1069 2337 Altera
1119 2267 1391 2361 trilogia
1440 2266 1510 2337 in
1560 2266 1772 2358 libro,
1844 2266 1955 2362 qui
2007 2266 2090 2338 de
2139 2266 2244 2338 his
2295 2266 2494 2337 rebus
2545 2272 2686 2357 est,
2735 2263 2861 2336 ha-

628 2368 742 2440 bet
790 2366 1216 2459 Eleusinios,
1268 2367 1598 2465 Argion
1651 2367 2029 2465 Epigonos.
2129 2368 2238 2439 De
2289 2367 2683 2457 Eleusiniis,
2736 2391 2862 2437 ex-

633 2479 828 2567 cepto
878 2491 1010 2541 uno
1063 2468 1239 2565 quod
1288 2471 1614 2565 reliquum
1667 2478 1770 2542 est
1821 2471 2064 2562 verbo,
2134 2469 2301 2540 nihil
2362 2469 2543 2539 aliud
2608 2468 2687 2539 ab
2739 2489 2864 2539 an·-

633 2571 835 2666 tiquis
886 2580 1227 2666 acceptum
1280 2571 1593 2642 habemus
1591 2621 1634 2689 ‚⁹
1709 2596 1901 2667 quam
1954 2571 2126 2667 quod
2178 2570 2576 2642 Plutarchus
2626 2555 2862 2662 refert,

637 2671 976 2742 Theseum
1027 2695 1161 2741 non
1213 2671 1280 2740 vi
1330 2679 1399 2742 et
1449 2672 1680 2763 armis,
1736 2672 1854 2743 sed
1905 2672 2238 2743 suadendo
2291 2672 2616 2768 factisque
2664 2672 2864 2752 indu·-

636 2773 750 2844 tiis
814 2769 1120 2845 effecisse
1182 2778 1255 2841 ιιι
1303 2769 1594 2842 Adrasto
1662 2772 2095 2844 redderentur
2157 2773 2394 2845 ducum
2446 2797 2727 2871 corpora
2779 2772 2862 2845 ad
2922 2831 2927 2836 ,

638 2871 911 2944 Thebas
965 2895 1343 2962 caesorum,
1410 2872 1606 2968 idque
1659 2872 1739 2943 ab
1792 2873 2066 2947 Theseo
2128 2876 2261 2946 ista
2321 2875 2390 2946 in
2442 2875 2664 2946 fabula
2714 2899 2861 2947 esse

639 2973 909 3045 dictum.
981 2971 1244 3068 Neque
1309 2997 1394 3045 ex
1445 2975 1720 3070 Argivis
1786 2984 2051 3072 praeter
2115 2976 2243 3046 duo
2311 2977 2610 3049 solitaria
2661 3000 2864 3049 voca-

636 3075 793 3146 bula
839 3097 1194 3170 unumque„
1218 3099 1503 3168 versum,
1555 3099 1643 3147 ex
1698 3100 1825 3172 quo
1876 3102 2009 3149 non
2051 3078 2322 3171 multum
2366 3078 2448 3149 de
2477 3087 2863 3175 argumento

589 3176 957 3273 5coghosci
1006 3184 1253 3273 potest,
1305 3178 1439 3248 alia
1489 3187 1794 3274 superest
1842 3182 2180 3270 memoria,
2235 3204 2426 3276 qnam
2481 3189 2556 3252 ιιι
2605 3182 2674 3251 in
2723 3180 2866 3252 fra-

640 3286 906 3375 gmento
940 3278 1130 3349 valde
1171 3287 1508 3375 corrupto,
1563 3280 1624 3350 si
1652 3279 1741 3349 ‘id
1794 3305 1880 3351 ex
1914 3280 2187 3377 Argivis
2221 3289 2348 3372 est,
2402 3283 2647 3356 mentio
2686 3281 2864 3355 facta

499 3413 510 3420 ·
638 3381 728 3453 sit
772 3377 1090 3475 Capanei.
1190 3378 1497 3476 Denique
1548 3404 1634 3452 ne
1686 3405 1773 3453 ex
1816 3380 2147 3481 Epigonis
2200 3383 2459 3479 quidem
2513 3383 2864 3480 quidquam

638 3488 967 3553 servatum
1033 3488 1137 3553 est
1199 3490 1465 3579 praeter
1527 3506 1721 3553 unam
1784 3507 2012 3555 vocem
2078 3493 2146 3556 et
2195 3508 2443 3604 paucos
2492 3509 2722 3557 versus
2774 3509 2864 3557 ex

639 3582 860 3678 aliquo
914 3581 1207 3655 diverbio
1224 3634 1249 3674 ,
1325 3583 1557 3679 quihus
1609 3592 1748 3656 tres
1798 3584 2151 3658 libationes
2202 3588 2272 3657 in
2324 3611 2530 3659 coena
2578 3586 2865 3686 nuptiali

634 3683 849 3755 factae
893 3683 1381 3760 describuntur.

842 3773 997 3857 Non
1061 3786 1404 3858 diuturnae
1469 3786 1735 3859 fuerunt
1797 3787 1921 3859 hae
1983 3788 2318 3884 trilogiae.
2455 3787 2627 3861 Nam
2686 3788 2865 3861 idem

640 3884 1051 3979 Welckerus
1101 3889 1172 3959 in
1201 3888 1480 3960 Dim-nis
1519 3887 1936 3960 scholasticis
1977 3912 2040 3961 a.
2085 3893 2303 3996 1832.
2348 3912 2418 3987 p.
2452 3895 2624 3966 171.
2674 3891 2865 3988 prio-

640 3988 737 4064 ris
787 3973 1058 4059 istarum
1095 3990 1508 4086 trilogiarum
1543 3990 1806 4061 tertiam
1841 3989 2125 4062 fabulam
2169 4016 2300 4065 non
2334 3994 2631 4090 potuisse
2666 3992 2865 4064 aliam
2934 3987 2937 3990 “

643 4111 791 4162 esse
858 4113 1049 4185 quam
1099 4089 1484 4164 Eleusinios
1548 4090 1747 4183 dicit,
1830 4115 1997 4187 quae
2062 4101 2253 4165 antea
2314 4095 2526 4190 prima
2587 4094 2864 4168 alterius
2976 4157 2995 4184 .‚

640 4191 953 4288 tn’logiae
1004 4190 1256 4265 fuerat·
1322 4192 1674 4290 Epigonos
1728 4199 1969 4286 autem,
2024 4218 2191 4291 quae
2240 4203 2379 4267 tum
2428 4196 2612 4269 illius
2664 4196 2865 4269 trilo-

642 4294 792 4390 giae
844 4293 1048 4365 tertia
1093 4293 1275 4385 erat,
1341 4320 1414 4391 p.
1466 4295 1643 4370 229.
1692 4319 1883 4391 seqq.
1948 4295 2110 4369 fecit
2157 4297 2474 4393 primam,
2543 4319 2874 4394 quemque.

644 4395 803 4467 olim
852 4402 1155 4467 tenuerat
1201 4397 1445 4490 locum,
1497 4398 1569 4468 in
1619 4420 1768 4469 eum
1813 4398 2185 4471 introduxit
2214 4398 2645 4491 Phoenissas,
2696 4422 2863 4496 quae
