3192 4992
617 252 773 370 ω’
877 299 1272 365 mvrmno
1313 299 1439 365 ιιι
1458 294 2157 367 mmmmm
2193 264 2593 361 Διιιιιιειει.

619 468 693 538 in
737 467 1007 585 templis
1057 465 1556 563 simulacrisque
1607 464 1878 539 deorum
1927 461 2357 554 invenissent,
2408 468 2542 535 tam
2587 460 2860 535 infinita

622 568 882 641 exstitit
931 575 1337 660 statuarum,
1400 567 1876 657 columnarum,
1924 565 2268 638 titulorum
2315 563 2694 654 multitudo,
2748 573 2851 656 ut,

550 706 557 709 ·
623 669 918 765 quamvis
982 670 1299 765 pleraque
1361 668 1664 740 immanis
1726 666 2004 740 avaritia
2052 665 2504 760 Romanorum
2554 664 2856 762 diripue-

621 770 752 860 rit,
819 793 1117 867 quaeque
1165 770 1402 842 relicta
1452 777 1649 862 sunt,
1712 769 1853 841 fere
1902 768 1974 840 in
2023 767 2234 839 ruinis
2281 768 2581 857 iaceant,
2632 775 2854 855 tamen

622 871 732 943 vel
798 896 887 944 ex
950 871 1160 944 ruinis
1224 871 1634 944 incredibilis
1698 877 1969 942 eruatur
2017 870 2211 966 copia
2262 877 2851 942 monumentorum.

623 970 767 1045 Sed
834 972 1009 1069 quod
1073 972 1248 1070 apud
1301 970 1604 1046 Graecos
1662 966 2156 1067 imitatoresque
2208 994 2434 1042 eornm
2484 969 2843 1061 Romanos,

624 1074 933 1170 quamdiu
987 1098 1148 1170 opes
1198 1073 1525 1146 luxuriam
1578 1073 1866 1164 alebant,
1917 1073 1987 1144 in
2040 1071 2581 1144 consuetudinem
2634 1081 2847 1144 verte-

622 1186 756 1265 rat,
809 1183 1058 1247 mutato
1109 1199 1329 1246 rerum
1380 1182 1559 1246 statu
1609 1199 1732 1271 per
1781 1174 1997 1246 varias
2050 1172 2537 1246 vicissitudines
2587 1174 2847 1268 praeei-

486 1274 489 1275 ’
621 1300 882 1373 pueque
948 1299 1071 1371 per
1131 1276 1537 1348 invasiones·
1575 1276 2035 1365 barbarorum,
2105 1274 2451 1371 paullatim
2515 1275 2848 1347 exolevitz

627 1378 1046 1472 omninoque,
1099 1385 1173 1449 ut
1221 1391 1457 1473 gentes
1508 1400 1830 1475 quaeque,
1884 1378 1984 1449 sic
2025 1376 2253 1448 secula
2282 1399 2501 1449 mores
2546 1400 2705 1447 suos
2731 1377 2854 1447 ha·-

624 1480 806 1550 bent.
907 1476 1158 1551 Nostra
1209 1480 1466 1575 quidem
1521 1489 1746 1572 aetas,
1810 1487 2155 1576 postquam
2209 1501 2493 1549 excusso
2543 1476 2854 1551 Gallicae

626 1580 1092 1653 dominationis
1142 1580 1301 1676 iugo
1354 1581 1731 1652 liberiorem
1779 1580 2082 1676 spiritum
2123 1579 2364 1652 ducere
2399 1603 2856 1675 coeperamus,

625 1691 783 1778 post
847 1682 1218 1754 diuturnam
1281 1683 1583 1753 inertiam
1651 1684 1897 1754 maiore
1965 1681 2245 1778 quodam
2296 1690 2859 1753 monumentorum

628 1783 850 1853 studio
906 1781 1164 1854 videtur
1226 1793 1533 1879 correpta
1583 1806 1758 1856 esse.
1878 1782 2084 1855 Ponit
2148 1792 2366 1854 autem
2430 1780 2572 1853 fere
2625 1808 2861 1853 monn-

631 1890 847 1955 menta
899 1883 1152 1974 ferrea,
1225 1884 1388 1957 ferri
1452 1908 1576 1955 usu
1640 1885 1859 1956 omnia
1920 1893 2363 1981 pervagante,
2430 1892 2505 1955 ιιι
2553 1883 2662 1956 vel
2712 1884 2860 1955 viae

577 1979 807 2056 ὀΐω-ιο
842 1993 1262 2077 sternantur,
1314 1993 1510 2082 atque
1561 1986 1727 2059 adeo
1778 2009 1979 2058 naves
2030 1985 2286 2058 ferreae
2335 2009 2459 2082 per
2506 2008 2687 2057 mare
2736 2010 2864 2056 na-

631 2095 797 2158 tent.
898 2083 961 2157 F
964 2111 1213 2158 erream
1230 2138 1258 2179 ,
1311 2087 1605 2184 quamvis
1656 2088 1725 2161 in
1773 2111 2012 2184 magna
2062 2110 2314 2160 morum
2367 2087 2685 2177 mollitie,
2755 2086 2863 2157 di·-

630 2211 821 2260 ceres
887 2196 1169 2260 aetatem
1220 2189 1516 2281 redisse,
1590 2190 1875 2308 repetito
1941 2189 2131 2285 quod·
2185 2188 2428 2261 cecinit
2491 2186 2861 2306 Hesiodus,

631 2284 1035 2364 successisse
1099 2290 1431 2363 heroum
1425 2291 1719 2387 generi,
1806 2290 1920 2387 qui
1982 2290 2247 2363 fortiter
2321 2297 2692 2387 pugnantes
2752 2290 2865 2361 in·-

632 2390 902 2484 teriere,
953 2415 1165 2488 genus
1214 2392 1539 2465 ferreum.

935 2549 1084 2618 νῦν
1130 2539 1281 2644 γὰρ
1332 2540 1428 2640 δὴ
1478 2542 1692 2645 γένος
1741 2540 1898 2617 ἐστὶ
1948 2536 2324 2640 σιδήρεον·

633 2691 766 2765 nisi
818 2692 1097 2765 divisum
1146 2718 1293 2766 cum
1346 2694 1523 2766 l'erro
1588 2717 1865 2791 regnum
1917 2703 2170 2767 teneret
2220 2718 2466 2792 vapor,
2536 2692 2864 2791 multipli-

635 2803 824 2864 cator
873 2794 1306 2886 fabricarum,
1364 2796 1644 2867 vicarius
1710 2796 2038 2879 hominum
2092 2798 2290 2892 atque
2339 2820 2692 2893 equorum,
2758 2797 2865 2868 iu-

638 2895 723 2964 sn
728 2901 924 2986 «rator
972 2895 1478 2992 properipedum
1532 2904 1712 2969 terra
1761 2899 2053 2994 marique
2105 2900 2680 2988 commerciorum,
2755 2922 2866 2970 re-

519 3046 527 3063 .
634 2952 1012 3091 lutatorque
1064 2999 1306 3070 veteris
1360 2996 1771 3072 Graecorum
1844 2999 2217 3096 proverbii,
2299 3024 2493 3095 quum
2546 3000 2865 3072 carbones

635 3098 990 3169 maximum
1041 3099 1495 3174 thesaurorum
1547 3125 1695 3173 esse
1738 3100 1986 3173 docuit.
2085 3100 2267 3173 Hinc
2291 3100 2699 3173 Mercuriale
2731 3125 2868 3172 ae-

642 3223 833 3288 vum3
900 3200 1302 3296 privatorum
1367 3202 1586 3299 gloria
1649 3203 1954 3290 luxuria3
2022 3204 2438 3300 parsimonia
2480 3203 2690 3274 virtus
2741 3227 2869 3299 pu-

637 3301 851 3390 hlica3
902 3303 1088 3397 ipsae
1121 3302 1364 3375 Musae
1417 3303 1728 3400 opifices3
1779 3304 2043 3395 iterum,
2096 3313 2171 3376 ut
2222 3305 2375 3375 olim
2411 3303 2586 3400 apud
2615 3304 2869 3375 Adme-

637 3413 818 3493 tum,
898 3405 1340 3476 mercenarius
1387 3404 1679 3501 Apollo3
1746 3404 2021 3477 Utilitas
2084 3429 2320 3477 numen
2331 3394 2608 3478 seculi.
2723 3405 2871 3477 Ita-

641 3527 767 3599 que
818 3516 1232 3585 monumenta
1285 3531 1542 3603 quoque
1606 3516 1682 3581 ιιι
1732 3515 1954 3580 essent
2002 3488 2195 3578 utilia
2244 3516 2618 3604 repertum,
2684 3507 2871 3578 aedi-

642 3606 804 3694 buS,
882 3608 1521 3699 consociationibus,
1604 3608 1892 3680 aliisve
1869 3608 2481 3706 qualibuscumque
2533 3609 2866 3681 institutis

639 3707 993 3778 memoriae
1046 3708 1372 3781 clarorum
1421 3710 1755 3782 hominum
1807 3711 2297 3784 consecrandis.

845 3804 1010 3900 Sed,
1066 3835 1261 3906 quum
1307 3810 1714 3884 condendum
1749 3820 1853 3883 est
1885 3820 2395 3902 monumentum,
2449 3810 2865 3899 dissentiunt,

640 3909 772 3981 hoc
822 3929 904 3978 an
954 3910 1121 3982 illud
1173 3913 1450 3984 alterum
1502 3937 1710 4008 genus
1760 3922 2079 4009 praestet.
2151 3913 2463 4009 Utrique
2516 3937 2636 3983 sua
2687 3937 2870 3985 com-

642 4008 971 4082 mendatio
1025 4020 1151 4084 est.
1270 4014 1403 4106 Qui
1452 4015 1537 4085 ad
1586 4015 1939 4087 utilitatem
1993 4016 2209 4087 omnia
2257 4016 2591 4103 referunt,
2659 4038 2869 4109 eoque

593 4110 943 4189 (inonnihil
993 4114 1289 4188 tribuunt
1336 4117 1815 4212 parsimoniae,
1889 4142 2021 4205 non
2087 4141 2253 4213 quae
2303 4117 2635 4213 adspectu
2685 4116 2872 4187 dele-

579 4234 588 4247 *
647 4221 851 4305 etent,
904 4215 1021 4286 sed
1075 4241 1241 4312 quae
1291 4218 1550 4314 prosint
1602 4219 1959 4311 utentibus,
2014 4219 2216 4316 digna
2265 4244 2413 4291 esse
2456 4225 2870 4290 monumenta

648 4323 942 4407 censent.
1043 4316 1214 4391 Nam
1263 4343 1477 4415 neque
1526 4319 1828 4417 indigere
1878 4321 2091 4418 signis
2141 4328 2210 4392 et
2258 4320 2693 4417 imaginibus,
2760 4316 2869 4415 qui
