3192 4992
683 382 808 451 134
850 464 859 474 ,
1236 344 1827 446 ΕΞΜΕΝοΑτιοΝΕε
1866 381 2341 444 PanAchE.

678 553 935 626 Verum
986 559 1056 623 et
1105 557 1512 624 caeterarum
1556 550 1916 646 epodorum
1959 546 2363 645 comparatio
2398 554 2775 645 suspectam
2799 547 2907 620 fa-

604 689 612 700 ·
680 655 774 729 cit
821 653 992 726 hanc
1038 653 1426 749 scripturam
1445 704 1468 743 ‚
1550 676 1677 723 nec
1718 653 1884 723 nihil
1933 651 2016 722 ad
2058 674 2201 722 eam
2249 649 2691 745 suspicionem
2737 675 2911 724 con-

678 756 848 848 fert,
905 754 1079 851 quod
1128 752 1554 849 Καὸμηΐᾶν,
1607 751 2051 848 Καδμειϊᾶν,
2104 749 2533 845 Καδμεϊᾶν,
2596 775 2729 826 uno
2781 775 2907 824 an-

680 865 811 930 tem
875 857 944 928 in
997 857 1225 929 codice
1276 861 1570 952 μορφῆς
1632 856 1905 952 legitur.
2026 853 2124 925 Et
2175 877 2370 949 quum
2423 854 2630 925 multa
2677 855 2748 926 in
2797 855 2906 926 his

679 958 1073 1031 carminibus
1124 958 1364 1053 partim
1417 956 1666 1029 codicis
1717 956 1970 1053 antiqui
2023 955 2180 1028 vitio
2231 955 2471 1052 partim
2520 979 2645 1050 per
2677 979 2906 1027 emen-

681 1060 946 1132 datores
998 1059 1307 1130 metricos
1372 1056 1686 1154 corrupta
1750 1082 1897 1131 esse
1949 1056 2331 1147 videantur,
2401 1056 2589 1127 valde
2641 1081 2902 1149 vereor,

679 1185 764 1232 ne
830 1160 999 1232 illud
1047 1156 1436 1252 Καδμεϊᾶν
1514 1183 1603 1231 ex
1666 1155 1838 1231 ma1e
1899 1159 2094 1232 lectis
2153 1160 2390 1231 veteris
2452 1157 2610 1230 libri
2657 1158 2932 1263 litteris
3050 1155 3057 1178 ¹

681 1262 971 1335 effictum
1022 1262 1136 1353 sit,
1188 1260 1515 1332 Pindarus
1566 1269 1785 1334 autem
1835 1261 2219 1357 scripserit.

885 1412 1145 1507 Θηβᾶν
1196 1412 1342 1485 ἄπο
1393 1406 1619 1507 μάκει·
1662 1419 1962 1508 μορφᾶς

873 1510 1018 1611 μὲν
1066 1509 1393 1613 βραχύς,
1461 1512 1722 1611 ψυχὰν
1772 1512 1843 1588 δ’
1907 1514 2289 1607 ἄκαμπτος
2337 1509 2904 1638 προςπαλαίσων

1989 1609 2167 1710 ἦλθ’
2228 1609 2453 1713 ἀνήρ·

676 1766 830 1839 Par‘
865 1766 1156 1839 conditio
1211 1773 1315 1838 est
1362 1766 1579 1838 ultimi
1629 1790 1860 1839 versus
1913 1766 2298 1863 epodorum,
2353 1790 2394 1838 a
2436 1791 2569 1862 qno
2602 1767 2907 1865 profecta

678 1877 782 1941 est
846 1876 1074 1940 nostra
1138 1867 1522 1964 disputatio.
1638 1867 1854 1941 Recte
1919 1869 2092 1940 enim
2160 1868 2465 1966 procedit
2530 1868 2768 1944 divisio
2834 1871 2905 1943 in

679 1978 985 2081 quattuor
1035 1970 1303 2065 epodis:

881 2147 952 2194 α.
1026 2116 1214 2194 αἰών
1264 2117 1345 2193 δὲ
1395 2117 1959 2215 κυλινδομέναις

1030 2219 1337 2320 ἁμέραις
1401 2222 1560 2295 ἄλλ’
1635 2223 1876 2297 ἄλλοτ’
1951 2216 2366 2306 ἐξάλλαξεν
2394 2265 2397 2268 -
2450 2221 2774 2319 ἄτρωτοί
2819 2252 2902 2328 γε

1987 2320 2145 2418 μὰν
2194 2319 2451 2406 παῖδες
2497 2325 2730 2402 θεῶν.

845 2424 953 2522 β.
1030 2431 1175 2499 νῦν
1229 2421 1302 2498 δ’
1364 2418 1463 2499 αὗ
1514 2423 1702 2520 μετὰ
1743 2423 2118 2554 χειμέριον

1030 2522 1365 2600 ποικίλον
1414 2535 1681 2621 μηνῶν
1745 2522 1983 2625 ζόφον
2038 2521 2268 2620 χθων
2318 2517 2459 2599 ὧτε
2509 2526 2905 2655 φοινικέοι-

2002 2650 2123 2702 σιν
2172 2627 2510 2723 ἄνθησεν
2557 2624 2824 2725 ῥόδοις.

877 2752 948 2826 y.
1020 2726 1103 2799 ἐν
1152 2723 1365 2798 νυκτι
1413 2724 1682 2820 καμιὸν
1729 2754 1896 2823 περι
1945 2720 2009 2824 ᾧ
2104 2801 2108 2812 ,

1035 2822 1443 2925 φασγάνῳ,
1516 2825 1837 2925 μομφὰν
1886 2828 2029 2923 ἔχει
2079 2826 2470 2905 παιὸεσσιν
2509 2826 2902 2920 Ἑλλάνων,

1992 2927 2152 3004 ὅσοι
2209 2928 2560 3030 Τροιανὸ“
2619 2933 2830 3031 ἔβαν.

883 3024 954 3100 δ.
1023 3024 1168 3101 τὰν
1215 3022 1651 3154 πυροφόρον
1699 3025 2032 3127 Λιβύαν,

1032 3126 1364 3228 κρανίοις
1432 3130 1634 3230 ὄφρα
1695 3130 1925 3216 ξένων
1988 3131 2180 3210 ναὸν
2229 3131 2700 3218 Ποσειδᾶνος
2763 3134 2896 3234 σφ’

1993 3235 2387 3333 ἐρέπτοντα
2438 3235 2757 3332 σχέθοι.

601 3395 606 3402 ’
682 3381 806 3456 Sic
855 3382 1031 3454 enim
1093 3406 1217 3479 pro
1282 3379 1811 3501 ῌόσειὸάωνος
1860 3387 2219 3485 ἐρέφοντα
2284 3388 2700 3461 scribendum
2755 3414 2906 3462 esse

680 3485 812 3556 iam
876 3484 1033 3556 olim
1096 3485 1358 3574 1110111ιί,
1441 3485 1823 3584 diceturque
1886 3489 2061 3562 infra·
2125 3491 2210 3563 ad
2271 3487 2473 3587 Pyth.
2521 3488 2661 3563 IV.
2726 3494 2917 3567 240..

599 3589 606 3598 ’
683 3582 852 3658 Sola
899 3593 1227 3682 repugnat
1275 3586 1505 3658 ultima
1555 3589 1846 3686 epodus·

884 3730 1165 3864 γνώμα
1205 3735 1547 3812 πεπιθὼν
1596 3736 1972 3839 πολυβού-

886 3845 1025 3933 λῳ·
1081 3836 1224 3912 σὺν
1260 3837 1528 3938 Ὀρσέα
1579 3840 1671 3916 δέ
1709 3869 1834 3918 νιν
1876 3837 2317 3938 κωμάζομαι
2342 3842 2671 3942 τερπνὰν
2718 3843 2907 3968 ἄπο-

1995 3940 2288 4033 στάζων
2332 3943 2580 4044 χάριν.

688 4088 1142 4163 Scholiastes:
1228 4088 1636 4187 πιθόμενος
1704 4100 1794 4188 τῇ
1859 4102 1996 4170 τοῦ
2056 4095 2547 4217 παιδοτρίβου
2609 4126 2903 4200 γνωμῃ

689 4190 970 4264 Credam
1035 4215 1161 4287 ego
1227 4194 1338 4265 hic
1411 4219 1668 4291 quoque
1718 4189 2062 4272 πεπιθων
2111 4222 2152 4269 a
2200 4201 2491 4274 metricis
2544 4225 2693 4274 esse
2742 4227 2906 4299 pro-

686 4293 929 4365 fectum
945 4343 971 4384 ‚
1026 4317 1221 4389 quum
1270 4292 1685 4384 πεποιθώς,
1749 4298 2205 4396 interpretatio
2258 4303 2664 4398 grammatici
2682 4353 2708 4396 ‚
2756 4326 2901 4399 pro

688 4394 976 4491 genuino
1026 4392 1334 4479 πισυνος
1384 4407 1561 4470 esset
1609 4399 1681 4471 in
1734 4401 2023 4473 ordinem
2067 4410 2362 4500 recepta.
2463 4401 2702 4479 Simile
2747 4403 2901 4501 quid
