3192 4992
996 351 1100 413 m:
1141 347 1515 412 Auscnm
1555 348 1950 413 AETNAnrs.
2125 318 2135 326 ’
2451 352 2584 420 ms
2721 425 2726 430 ,

349 524 751 618 prostratam
816 517 1127 615 pietatem
1179 518 1564 615 implorare.
1677 515 1764 589 In
1827 517 2116 638 pictura
2135 528 2336 592 certe
2366 546 2581 619 neque

357 646 551 693 aures
598 621 897 693 hircinae
943 643 1159 715 neque
1209 618 1561 693 caudarum
1611 620 1820 691 ullum
1863 620 2277 716 vestigium,
2302 647 2427 697 nec
2480 626 2583 696 bi·-
2655 643 2662 658 '

355 747 644 820 pennes,
711 721 831 794 sed
879 721 1114 793 mallei
1154 729 1549 812 cernuntur,
1605 743 1818 817 neque
1867 720 2048 793 humi
2096 731 2436 817 prostrata
2479 734 2584 799 est

353 825 615 915 mulier,
668 823 786 896 sed
828 831 1057 919 aperte
1100 845 1188 894 ex
1220 831 1400 894 terra
1432 846 1580 895 sese
1615 824 1891 895 attollit.
1990 822 2175 895 Illud
2213 849 2367 898 vero
2400 835 2583 899 recte

357 926 546 1016 vidit,
602 925 782 997 viros
831 925 989 997 illos
1042 947 1222 996 arma
1271 947 1394 996 sua
1441 924 1702 1022 yibrare
1753 932 1984 997 eontra
2014 925 2199 998 illum
2234 927 2440 998 virum
2471 928 2585 1024 qui

353 1041 527 1124 pone
579 1027 920 1100 mulierem
969 1034 1274 1099 occurrat
1311 1050 1559 1122 pavens
1611 1032 1680 1097 et
1722 1027 2086 1122 supplicem
2120 1051 2380 1100 manum
2419 1031 2686 1126 pro-14

356 1128 675 1219 tendens,
739 1128 1080 1200 mulierem
1144 1135 1358 1199 autem
1421 1151 1547 1224 pro
1615 1150 1697 1200 eo
1748 1127 2116 1223 deprecari.
2217 1128 2411 1202 Haec
2475 1132 2590 1227 qui

355 1229 902 1321 consideraverit,
954 1254 1087 1301 non
1135 1229 1410 1325 poterit,
1461 1228 1689 1319 credo,
1744 1227 2041 1301 dubitare
2075 1231 2232 1325 quin
2272 1232 2439 1305 haec
2478 1232 2590 1328 pi-

358 1340 547 1403 ctura
609 1355 749 1403 rem
813 1338 1267 1428 repraesentet
1329 1331 1526 1426 plane
1596 1329 1921 1402 diversam
1985 1332 2065 1401 ab
2134 1356 2250 1423 ea,
2321 1333 2392 1408 i'u
2459 1357 2588 1429 qua

357 1456 664 1528 magnum
727 1432 894 1504 illud
958 1442 1157 1528 atque
1220 1432 1500 1503 immane
1565 1439 1766 1528 caput
1828 1433 2120 1505 mulieris
2172 1442 2301 1506 est.
2414 1433 2588 1507 Nam

358 1535 488 1605 etsi
540 1534 734 1606 etiam
786 1558 1022 1629 magna
1071 1534 1191 1605 illa
1240 1533 1502 1623 mulier,
1555 1533 1728 1630 quod
1763 1534 2059 1606 sublatae
2094 1544 2414 1631 apparent
2446 1560 2589 1608 ma·-

354 1659 484 1708 nus
535 1636 705 1726 eiuS,
763 1634 968 1706 videri
1018 1643 1241 1731 potest
1290 1635 1601 1732 pietatem
1652 1636 2009 1732 implorare
2041 1636 2414 1710 ferientium
2444 1661 2587 1709 eam

358 1736 706 1828 iuvenum,
774 1744 990 1808 tamen
1042 1757 1253 1832 neque
1304 1744 1378 1808 ut
1427 1736 1810 1833 supplicans
1858 1735 2143 1834 adspicit
2206 1762 2323 1811 eos
2374 1763 2588 1835 neque

360 1846 437 1915 ιιι
483 1846 778 1910 metuens
827 1838 1145 1911 inclinato
1199 1839 1415 1933 capite
1468 1837 1777 1934 despicit,
1828 1839 1948 1911 sed
1996 1836 2179 1913 recta
2203 1843 2589 1937 atque-im-

359 1947 541 2011 mota
588 1949 744 2030 stat,
796 1964 922 2011 nec
971 1939 1321 2035 quidquam
1370 1939 1501 2012 nisi
1553 1963 1969 2030 mauussuas
2009 1943 2366 2036 tranquillo
2403 1943 2589 2013 vultu
2692 1961 2708 2020 ζ

366 2042 622 2112 videtur
669 2041 940 2112 intueri.
1054 2040 1293 2137 Itaque
1354 2041 1477 2111 illa
1543 2039 1802 2136 quidem
1855 2054 2081 2138 aperte
2149 2046 2297 2114 viva
2348 2051 2492 2115 εει·
2521 2050 2591 2115 et

360 2150 532 2214 orat»
560 2151 633 2213 ut
680 2150 991 2238 parcatur
1044 2142 1227 2232 viro,
1292 2142 1361 2213 in
1429 2167 1622 2238 quem
1670 2142 1843 2215 ictus
1892 2143 2353 2232 intenduntur;
2426 2145 2592 2218 haec

361 2253 576 2315 utrum
629 2244 807 2315 vivat
867 2266 1089 2315 necne⁴
1138 2244 1336 2339 plane
1401 2243 1756 2315 nescimus..
1857 2243 2075 2315 Porro
2136 2246 2284 2340 ipsa
2335 2246 2592 2317 malleis

350 2343 826 2434 contunditur,
894 2343 1069 2439 quod
1121 2352 1353 2417 contra
1399 2345 1469 2415 in
1522 2344 1735 2415 altera
1784 2344 2043 2439 pictura
2092 2347 2258 2415 nibil
2308 2348 2464 2418 mali
2515 2345 2593 2418 fit
2706 2353 2710 2376 ¹

354 2445 650 2535 mulieri,
704 2445 820 2516 sed
872 2446 1122 2543 petitur
1172 2444 1299 2535 vir,
1354 2445 1466 2540 qui
1517 2468 1690 2541 pone
1743 2469 1885 2515 eam
1921 2455 2048 2518 est.
2152 2446 2372 2538 Quare
2410 2448 2596 2543 quis-

366 2548 515 2643 quis
581 2554 684 2619 es't
747 2546 858 2617 hic
925 2547 1067 2638 vir,
1136 2545 1435 2618 Passerii
1500 2545 1760 2642 pictura
1827 2547 1936 2617 vel
1986 2547 2269 2618 Terram
2319 2546 2596 2620 matrem

366 2650 473 2719 vel
525 2648 720 2718 aliam
761 2648 995 2720 nescio
1062 2672 1256 2744 quam
1321 2647 1507 2718 deam
1576 2669 1661 2718 ex
1728 2655 1907 2718 terra
1970 2657 2450 2744 emergentem,
2521 2657 2595 2721 ut

156 2849 165 2856 ,
216 2807 219 2812 .
358 2748 767 2846 periclitanti
799 2750 877 2819 ab
904 2749 1164 2821 infestis
1192 2748 1695 2844 aggressoribus
1726 2749 1868 2819 viro
1898 2774 2088 2845 opem
2122 2750 2315 2840 ferat,
2367 2760 2595 2823 osten-

367 2851 489 2922 dit.
593 2851 779 2942 Quae
842 2852 974 2922 ista
1040 2851 1264 2922 fab'ula
1314 2852 1442 2941 sit,
1515 2858 1833 2945 quaerant
1882 2852 2023 2922 alii.
2148 2850 2304 2947 Ego
2357 2876 2460 2923 me
2511 2852 2595 2923 ad

365 2952 533 3023 illud
587 2962 1008 3042 convertam,
1084 2951 1257 3048 quod
1309 2953 1375 3022 in
1432 2951 1787 3022 Welckcri
1843 2975 1998 3022 vase
2067 2962 2170 3024 est
2235 2954 2595 3049 depictum,

366 3062 442 3126 ut
491 3053 559 3125 id
592 3065 742 3126 ‘non
795 3053 1212 3149 improbabili
1262 3054 1643 3124 coniectura
1692 3053 2044 3148 explicem.
2651 3043 2652 3050 ἵ

571 3153 795 3226 Feriri
849 3156 1122 3227 alternis
1171 3154 1410 3225 ictibus
1465 3161 1662 3249 caput
1698 3154 1991 3225 mulieris
2027 3161 2156 3225 tam
2194 3155 2371 3225 clare
2406 3179 2600 3225 mon-

362 3260 540 3329 ‘strat
588 3260 874 3352 pictura,
926 3256 995 3327 id
1049 3262 1122 3326 ut
1173 3254 1458 3326 dubitari
1508 3262 1815 3349 nequeat.
1911 3254 2313 3351 Magnitudo
2360 3256 2597 3350 capitis

370 3358 672 3476 profecto
722 3384 853 3431 non
904 3366 1151 3431 temere
1203 3365 1387 3428 tanta
1436 3364 1578 3447 est,
1625 3363 1705 3427 ιιι
1755 3380 2006 3428 omnem
2061 3381 2208 3428 cum
2256 3358 2599 3429 iuvenibus

371 3460 697 3554 utrimque
749 3460 1158 3531 adstantibus
1211 3458 1766 3555 comparationem
1816 3457 2165 3548 excludat,
2220 3457 2336 3529 sed
2389 3458 2602 3553 signi-

372 3562 533 3634 ficet
582 3561 826 3656 aliquid
880 3584 1153 3632 necesse
1204 3568 1332 3632 est.
1435 3559 1520 3632 Id
1570 3569 1787 3630 autem
1858 3558 2012 3655 quid
2065 3559 2243 3629 aliud
2296 3583 2443 3631 esse
2496 3559 2603 3631 di-

375 3686 627 3752 camus,
681 3686 870 3758 quam
912 3687 1053 3733 non
1106 3685 1255 3734 esse
1305 3661 1471 3733 illud
1525 3661 1861 3752 mulieris,
1915 3683 2080 3757 quae
2132 3686 2220 3732 ex
2269 3659 2602 3737 homiuum

368 3788 620 3861 genere
664 3766 797 3853 sit,
851 3775 1073 3859 caput.
1174 3762 1407 3858 Neque
1461 3787 1618 3835 vero
1673 3762 1833 3834 deae
1886 3787 2032 3834 esse
2085 3770 2332 3858 potest.
2432 3761 2603 3835 Nam

366 3890 502 3939 nec
569 3866 838 3938 solitum
907 3874 1011 3937 est
1060 3865 1221 3937 deos
1285 3865 1491 3938 multo
1543 3864 1791 3948 maiore
1860 3888 2053 3959 quam
2118 3864 2451 3936 hominum
2503 3873 2606 3937 est

370 3968 587 4040 forma
637 3992 719 4040 ac
756 3975 1020 4039 statura
1067 3967 1273 4062 fingi,
1326 3974 1396 4039 et
1446 3988 1613 4062 quae
1663 3964 1926 4038 tandem
1974 3966 2110 4036 illa2
2146 3965 2234 4037 sit
2285 3966 2433 4057 dea,
2486 3990 2608 4038 cu-

378 4070 484 4140 ius
537 4077 734 4166 caput
784 4069 932 4164 quis
981 4069 1238 4140 malleis
1288 4076 1635 4165 percutere
1683 4066 1952 4157 audeat,
2002 4068 2393 4163 praesertim
2429 4067 2488 4138 si
2526 4073 2609 4138 'ea

382 4178 516 4241 tam
565 4171 941 4268 ingentibus
994 4169 1298 4241 membris
1350 4171 1476 4262 sit,
1546 4176 1623 4240 ut
1686 4168 1797 4239 vel
1844 4192 1975 4240 una
2022 4191 2218 4240 manu
2267 4168 2431 4239 duos
2483 4167 2611 4239 ho-

373 4272 596 4345 mines
661 4272 996 4370 corripere
1063 4278 1258 4368 atque
1311 4273 1410 4344 in
1476 4271 1878 4343 immensum
1934 4269 2262 4367 proiicere
2326 4268 2620 4365 spatium

372 4374 641 4520 possit.
623 4366 659 4425 Ρ
722 4373 953 4467 Quod
1004 4373 1066 4446 si
1113 4372 1245 4447 hoc
1294 4381 1492 4471 caput
1539 4394 1755 4470 neque
1804 4370 2088 4476 hominis
2124 4393 2251 4444 nec
2281 4368 2446 4442 deae
2479 4378 2610 4464 est,
