3192 4992
600 369 732 439 382
846 404 851 411 ·
980 376 1057 440 ,’
1194 372 1295 433 ΒΕ
1335 370 1714 432 AESCHYLI
1753 370 2206 432 TRAGOEDIIS

600 539 914 717 Βθιὲὶἓὲθ
957 538 1202 715 ἰὸιιοθιῒί
1247 538 1445 636 plane
1492 538 1634 611 loci
1673 537 1883 643 ‚verba
1929 543 2084 621 sant
2131 533 2310 634 apud
2337 533 2736 609 Diomedem
2767 534 2835 608 1.

600 668 676 741 Ρ.
878 692 905 733 ,
1009 693 1031 715 .
1480 688 1489 695 -
2329 691 2339 701 .

858 794 974 865 ῥα)
1023 814 1108 866 eo
1139 788 1523 888 futurum
1573 784 1995 867 abnueant.

602 943 731 1020 Sic
778 944 889 1017 ed.
938 942 1363 1016 Iensoniana.

600 1052 611 1061 “
809 1046 943 1138 Qui
989 1045 1166 1117 idem
1216 1053 1667 1141 argumentum
1719 1042 2067 1134 tractavit,
2132 1041 2506 1133 Pacuvius,
2559 1038 2829 1137 Sopho-

604 1149 731 1223 clis
781 1148 1123 1247 Teucrnm
1193 1147 1447 1218 videtur
1509 1144 1958 1240 expressisse,
2042 1154 2353 1242 qnantum
2417 1140 2683 1241 quidem
2743 1167 2832 1214 ex

500 1322 505 1329 .
605 1275 705 1323 eo¹
741 1250 981 1323 coniici
1032 1255 1292 1346 potest,
1367 1245 1540 1345 quod
1608 1246 1782 1342 apud
1848 1254 2190 1342 utrumque
2243 1252 2506 1342 poetam
2558 1244 2833 1345 nuncius

605 1352 689 1424 de
740 1353 937 1423 rebus
989 1351 1095 1422 vel
1159 1349 1243 1420 ad
1293 1348 1573 1420 Troiam
1645 1348 1745 1419 vel
1812 1356 2006 1444 capta
2052 1349 2186 1419 iam
2234 1348 2397 1418 urbe
2448 1348 2659 1441 gestis
2711 1370 2836 1436 exg-

603 1454 916 1551 ponebat.
1018 1450 1224 1524 Initio
1277 1451 1536 1548 quidem
1589 1450 1850 1521 fabulae
1885 1450 2240 1520 verisimile
2293 1457 2397 1521 est
2437 1447 2837 1521 desiderium

604 1555 1011 1652 descriptum
1063 1578 1238 1645 esse,
1293 1579 1421 1649 qno
1474 1560 1810 1623 matronae
1848 1549 2252 1623 Salaminiae
2287 1560 2481 1647 atque
2511 1551 2658 1646 ipse
2687 1549 2838 1620 Te-

603 1656 780 1729 lamo
837 1657 941 1729 vel
990 1664 1398 1727 revertentes
1449 1655 1528 1725 ab
1582 1653 1802 1726 Troia
1864 1653 1972 1724 vel
2021 1654 2307 1749 aliquem
2354 1653 2661 1726 nuncium
2712 1676 2839 1723 ex·-

605 1758 1018 1854 spectabant.
1120 1756 1302 1829 Hinc
1349 1755 1518 1827 illud
1570 1755 1746 1851 apud
1792 1753 2081 1827 Nonium
2143 1756 2214 1827 in
2255 1753 2839 1853 poenitudinem

604 1883 678 1956 p.
737 1863 923 1949 152,
998 1859 1124 1933 29.
1175 1858 1244 1929 in
1296 1880 1621 1955 &caprea
1671 1882 1736 1952 p.
1795 1857 1984 1949 169,
2054 1860 2182 1931 24.
2244 1856 2314 1928 in
2365 1857 2715 1930 vaotitiee
2764 1880 2835 1951 p.

611 1960 785 2054 185,
839 1962 916 2034 3.
963 1960 1034 2032 in
1085 1961 1453 2051 alumnos*
1492 1983 1565 2055 Ρ.
1618 1960 1794 2049 243,
1846 1961 1924 2033 4.

859 2134 1065 2213 quae
1113 2106 1496 2184 desiderio
1547 2111 1952 2182 alumnum
1966 2163 1990 2200 ,
2028 2107 2539 2206 poenitzidine

856 2215 1196 2316 squale's,
1247 2236 1724 2313 &caprasque
1768 2214 2078 2285 incu‘lta
2126 2211 2618 2285 vastitvicbine.

604 2363 779 2438 Item
810 2364 1007 2437 ,illud
1075 2364 1251 2461 apud
1303 2356 1695 2438 Ciceronem
1743 2361 1810 2435 Ι.
1875 2362 1958 2435 de
2009 2363 2214 2435 divin.
2267 2366 2393 2440 26.
2459 2371 2528 2437 et
2574 2362 2837 2436 Varro-

605 2465 1186 2641 ἴξΐΐθᾶῗέἷιὶῐξέ.
1238 2465 1414 2538 VII.
1465 2490 1539 2563 Ρ.
1591 2468 1770 2541 364.
1822 2465 1931 2537 ed.
1968 2463 2347 2562 Spengelii,
2399 2465 2481 2538 (le
2509 2466 2835 2558 Hesiona,

840 2719 1327 2818 fleaea'm'ma,
1342 2726 1746 2817 tamquam
1759 2711 2160 2814 Zffmphata
2173 2727 2254 2791 et
2261 2715 2575 2790 Bacchi
2583 2720 2838 2792 sacris

861 2820 1261 2908 commota,
1311 2820 1399 2890 in
1449 2820 1768 2895 tumulis
1799 2819 2193 2892 Tem-rum
2233 2824 2839 2896 commemorcim

1826 2945 2076 2993 suum.

608 3069 755 3144 Ios.
805 3067 1119 3171 Scaliger
1166 3066 1237 3143 in
1270 3067 1737 3143 Coniectaneis
1787 3092 1859 3167 Ρ.
1897 3075 2069 3147 147.
2122 3094 2373 3146 meum
2422 3068 2718 3171 scripsit,
2771 3082 2842 3146 et

609 3172 937 3271 probabili
990 3197 1147 3244 sane
1201 3173 1582 3245 coniectura
1633 3173 1932 3246 adiunxit
1984 3176 2183 3245 alium
2221 3174 2502 3248 Pacuvii
2552 3199 2839 3270 versum,

609 3275 725 3371 qni
772 3276 844 3347 in
895 3282 1209 3372 sequente
1260 3273 1591 3347 Varronis
1641 3274 1886 3372 pagina
1936 3276 2176 3351 aflatus
2228 3283 2367 3349 est:

862 3420 1265 3524 halcy'onis
1314 3430 1480 3502 ritu
1526 3428 1744 3501 littus
1784 3429 2272 3527 pervolga‘m
2300 3426 2564 3526 feror.

610 3578 810 3677 Apud
858 3576 1235 3650 Varronem
1287 3577 1462 3674 qnod
1512 3579 1833 3675 scriptum
1884 3585 1987 3650 est
2014 3575 2306 3673 saror,
2361 3558 2556 3653 ¹recte
2605 3579 2676 3651 in
2707 3578 2839 3678 fh-

609 3704 749 3752 ror
798 3689 1116 3751 mutatum
1166 3678 1414 3752 iudico.
1529 3679 1794 3752 Deinde
1862 3679 2035 3777 apud
2098 3679 2513 3773 Priscianum
2557 3679 2705 3756 IV.
2765 3707 2837 3780 Ρ.

609 3783 789 3858 634.
841 3783 983 3853 sive
1034 3781 1142 3853 ed.
1192 3780 1442 3853 Krehl.
1489 3783 1627 3853 vol.
1677 3781 1744 3855 Ι.
1793 3807 1865 3879 Ρ.
1922 3784 2095 3857 160.

854 3936 1277 4035 postqudm
1323 3929 1674 4028 ἅψηται
1726 3937 1842 4007 e'st
1879 3931 2454 4033 perrogitando
2490 3931 2839 4009 cidvenae

861 4032 962 4106 ἅθ’
1023 4036 1237 4107 mitis
1248 4086 1273 4126 ,
1355 4059 1606 4135 neque
1674 4042 1949 4155 cortine:
2026 4059 2490 4137 quemquam
2548 4037 2846 4111 invenit

846 4168 849 4177 ·
986 4156 995 4165 ’
1826 4160 2096 4213 amum.

612 4270 879 4361 Inserni
921 4295 1038 4359 eet
1068 4291 1138 4386 et
1168 4310 1456 4360 eorum.
1558 4285 1704 4359 Iam
1737 4287 2022 4361 venisse—
2043 4249 2302 4362 videtur
2341 4288 2647 4381 nuncius,
2699 4295 2839 4360 ter-

614 4413 756 4461 ram
802 4389 1109 4485 patriam,
1160 4398 1235 4466 ut
1281 4413 1525 4486 praeco
1575 4389 1648 4461 in
1677 4389 1995 4486 Aeschyli
2024 4391 2518 4488 Agamemnone
2561 4415 2628 4464 v.
2659 4390 2836 4465 512.
