3192 4992
613 376 750 443 m
1048 327 1159 442 lIlll'
1199 377 1573 440 AnscHYLl
1612 375 1991 438 Tamucus
2030 377 2431 437 THEBANIS.

619 542 779 618 εἶπέ
798 543 900 617 τ’.
969 543 1404 618 Turnebus'‘
1358 571 1554 647 erum
1582 543 1656 645 γ’
1696 537 2106 671 ἕπαφήσας.
2167 540 2268 615 V.
2287 546 2365 618 8.
2391 539 2609 614 Laur.
2637 542 2843 617 Rom.

616 643 778 720 τόδ’
819 640 1248 740 &moymar-
1300 645 1660 720 Turnebus
1691 639 1863 719 τάδ’
1902 638 2308 738 ἆνθόμοια.
2386 642 2482 717 V.
2512 646 2589 720 9.
2622 642 2840 718 Laur.

612 747 816 875 Πρω.
848 745 1184 839 πέμπων,
1213 745 1402 849 γέλω
1434 742 1530 843 δή
1552 774 1667 841 με.
1734 745 2092 819 Turnebus
2112 744 2425 840 Πέμπει,
2477 747 2712 873 λέγων
2745 745 2840 843 δὴ
2906 789 2911 796 ·

612 845 842 942 τάμὰ.
941 848 1324 923 Bruuckius
1386 873 1473 923 ex
1524 845 2747 974 8ῒσρ1ιιιιίαιιο·πέμπει;γέλων
2742 847 2835 921 δν

610 947 839 1045 τάμὰ.
942 948 1369 1025 Gaisfordius
1419 976 1506 1025 ex
1554 948 1869 1023 Elmsleii
1934 949 2318 1048 apographo
2384 949 2593 1021 edidit
2653 949 2836 1043 πέμ-

612 1079 772 1140 ma,-
838 1049 1119 1180 γέλωτα
1170 1047 1267 1147 δή
1314 1079 1430 1147 με.
1532 1051 1810 1129 v.10.
1873 1051 2255 1124 Brunckius
2304 1050 2487 1125 οὔτι.
2570 1049 2666 1124 V.
2711 1055 2833 1126 13.

610 1151 832 1226 Laut.
877 1149 1133 1228 τόσσα.
1235 1153 1423 1226 Idem
1460 1162 1530 1227 et
1560 1153 1715 1226 edd.
1750 1161 1903 1225 ante
1931 1151 2468 1226 Gaisfordianam
2509 1151 2831 1247 σχέθειν.

612 1253 710 1327 V.
768 1257 888 1330 15.
957 1252 1383 1329 Gaisfordius
1451 1256 1594 1330 sine
1658 1265 1817 1328 nota
1870 1250 2259 1382 σφάζοιεν,
2329 1252 2511 1326 Edd.
2575 1255 2833 1351 priores

613 1350 985 1453 σφάξοιεν.
1119 1357 1385 1431 Deinde
1454 1354 1883 1431 Gaisfordius
1960 1351 2329 1451 κτήμασιν
2404 1354 2830 1449 βασιλικοῖς.

607 1457 910 1544 Romana
971 1454 1294 1554 κτήμασι
1351 1458 1782 1587 βασιλικοῖς.
1897 1457 2261 1530 Elmsleius
2328 1457 2409 1527 ad
2461 1456 2653 1528 Med.
2706 1461 2830 1586 79.

607 1558 1046 1685 legendum,
1074 1561 1312 1658 inquit,
1345 1556 1701 1658 σφαζοιεν
1733 1561 1896 1655 (vel
1910 1561 2175 1660 potius
2209 1552 2677 1655 σφαξειαν)’
2634 1549 2832 1687 αμφὶ

604 1657 1004 1785 κτήμασιν
1019 1665 1509 1757 τυραννικοῖς.
1612 1661 1878 1735 Minus
1918 1672 2132 1734 recte
2165 1658 2622 1732 Brwnckius
2659 1656 2834 1756 κτή-

591 1776 839 1860 ’μασιν
883 1767 1038 1846 τοῖς
1085 1763 1514 1858 βασιλικοῖς.
1616 1763 1712 1835 At
1760 1763 1862 1835 sic
1922 1763 2053 1833 iam
2105 1760 2463 1834 Turnebus
2515 1785 2663 1833 cum
2712 1787 2834 1834 eo-

607 1887 733 1959 que
784 1845 1165 1960 Stephanus
1217 1865 1585 1937 ediderant.
1700 1863 1849 1937 Hos
1903 1862 2271 1960 quindecim
2323 1886 2596 1953 versus,
2665 1888 2830 1960 quos

602 1965 731 2037 fuit
781 1965 892 2060 qui
944 1967 1179 2038 comici
1230 1966 1509 2040 alicuius
1560 1991 1709 2039 esse
1759 1973 2049 2063 putaret,
2099 1973 2281 2036 recte
2331 1963 2696 2037 Elmsleius
2747 1990 2829 2037 eo

605 2090 796 2162 quem
847 2066 987 2138 dixi
1036 2067 1189 2140 loco
1241 2092 1329 2140 ex
1381 2068 1656 2165 quadam
1710 2068 1874 2139 vidit
1921 2066 2145 2138 fabula
2193 2065 2479 2162 satyrica
2530 2090 2677 2138 esse
2704 2091 2829 2164 pe-

603 2169 789 2240 titos.
890 2167 1144 2240 Eorum
1196 2169 1277 2242 de
1327 2171 1559 2262 initio,
1629 2168 1804 2266 quod
1855 2169 1934 2239 ab
1985 2167 2291 2265 imperito
2344 2167 2619 2240 metrico
2671 2192 2830 2264 pes-

600 2270 763 2342 sime
815 2277 1164 2342 tractatum
1216 2280 1344 2364 est,
1400 2296 1565 2369 quae
1620 2272 1714 2342 ab.
1753 2270 1903 2343 aliis
1953 2270 2253 2367 prolatae
2296 2275 2451 2339 sunt
2485 2270 2827 2342 coniectu-

599 2395 741 2463 rae,
796 2369 1062 2444 silentio
1114 2374 1466 2471 praeteriri
1516 2373 1726 2446 satius
1778 2381 1907 2445 est.
2007 2370 2117 2443 Ad
2166 2370 2334 2441 illud
2385 2394 2544 2441 vero
2589 2370 2827 2443 adver-

597 2474 833 2546 tendus
884 2475 1163 2568 animus,
1218 2475 1391 2571 quod
1442 2476 1667 2573 inepte
1718 2474 1787 2545 in
1839 2474 2036 2546 tertio
2072 2497 2269 2544 versu
2316 2471 2667 2570 repetitum
2721 2482 2826 2545 est

594 2573 852 2675 γέρας,
924 2577 1268 2647 aberrante
1317 2575 1591 2647 librario
1644 2575 1727 2646 ad
1778 2574 2278 2672 praecedentem
2337 2597 2619 2645 versum.
2739 2573 2822 2646 In

598 2685 829 2771 quarto
883 2700 1077 2746 versu
1127 2677 1325 2756 facile
1377 2677 1761 2771 agnoscitur
1810 2675 2126 2747 Triclinii
2178 2676 2284 2747 vel
2334 2675 2648 2793 ‘quisquis
2694 2676 2827 2752 fuit

595 2775 835 2847 malum
887 2773 1396 2847 additamentum
1448 2774 1703 2849 αὖτοίι
1775 2799 1861 2848 ex
1933 2801 2062 2872 quo
2114 2776 2356 2849 coniici
2407 2786 2667 2873 potest,
2733 2776 2825 2850 τῦ

597 2873 692 2972 δὴ
744 2876 1057 2972 explendi
1109 2876 1471 2974 superioris
1529 2902 1753 2949 versus
1806 2901 2039 2950 caussa
2087 2902 2211 2973 pro
2267 2876 2306 2950 ὃ
2357 2875 2453 2974 δὴ
2502 2879 2819 2975 scriptum

595 3001 769 3049 esse.
869 2976 1269 3050 Rectissime
1319 3002 1480 3051 vero
1529 2979 1773 3051 dictum
1824 2973 1920 3074 δή
1969 3005 2078 3078 γε,
2130 2979 2212 3052 do
2258 2980 2492 3080 quibus
2526 2981 2822 3077 particu-

592 3080 679 3151 lis
731 3079 1012 3176 exposui
1063 3080 1144 3151 ad
1198 3079 1441 3178 Eurip.
1491 3079 1647 3177 Iph.
1684 3080 1898 3153 Taur.
1951 3083 2129 3156 917.
2232 3071 2680 3177 Consequitur
2729 3106 2817 3153 ex

452 3177 465 3188 “
590 3182 698 3253 his
753 3182 968 3254 versui
1017 3182 1215 3254 tertio
1268 3182 1499 3280 pedem
1534 3183 1791 3255 deesse.
1892 3181 1967 3255 Is
2007 3182 2333 3279 quomodo
2367 3183 2818 3256 restituendus

590 3283 680 3356 sit
730 3283 1014 3355 dubitari
1063 3292 1286 3379 potest
1333 3292 1615 3381 propter
1656 3284 1777 3356 illa
1829 3308 1995 3381 quae
2047 3296 2434 3381 sequuntur.
2534 3284 2640 3356 Ae
2683 3310 2816 3356 non

587 3385 901 3475 mirarer,
969 3386 1030 3456 si
1082 3385 1274 3481 quis,
1341 3387 1495 3482 qnia
1544 3386 1711 3459 nihil
1763 3386 1844 3460 de
1896 3410 2071 3458 coxa
2132 3387 2447 3483 scriptum
2499 3386 2816 3482 legimus,

585 3486 764 3559 hunc
811 3495 1076 3583 poetam
1126 3510 1361 3559 vaccae
1412 3487 1749 3559 humerum
1799 3512 1922 3584 pro
1957 3487 2216 3560 taurino
2251 3487 2516 3560 missum
2558 3488 2841 3561 dixisse:

588 3585 854 3685 Oedipo
905 3596 1193 3684 putaret,
1247 3612 1439 3685 quem
1485 3589 1607 3659 ille
1656 3613 1855 3684 quum
1903 3597 2319 3662 contrectans
2356 3590 2570 3661 minus
2606 3613 2815 3685 gran-

587 3688 736 3761 den
784 3713 910 3762 nee
959 3713 1186 3787 parem
1237 3690 1496 3763 taurino
1546 3690 1911 3782 inveniret,
1963 3713 2203 3762 vaccae
2254 3714 2403 3764 esse
2451 3691 2813 3764 intellexe-

693 3790 978 3888 ·idque
1028 3816 1190 3864 sane
1251 3791 1566 3864 facillime
1630 3790 2009 3864 efficeretur
2053 3792 2350 3888 reposito
2412 3793 2501 3864 in
2538 3816 2808 3865 vacuum

583 3799 818 3989 pedem
866 3887 1177 3990 ταύρου,
1228 3893 1357 3965 hoc
1394 3891 1631 3965 modo·
1696 3887 1983 3988 ταύρου
2018 3888 2458 3990 περισσὸν’
2398 3919 2639 4020 ωμον,
2689 3894 2809 3967 ἕκ-
2862 3941 2867 3944 -

582 4017 840 4090 κριτον
886 3992 1138 4094 γέρας·
1207 3993 1295 4069 ὃν
1344 3988 1442 4089 δή
1491 4020 1585 4122 γε
1620 3990 2126 4095 συγκόψαντες
2173 4037 2272 4052 -—-
2323 3993 2494 4072 ἀντι
2522 4002 2661 4069 τοῦ
2687 4023 2813 4069 κε-

581 4093 957 4190 κομμένου
1008 4090 1464 4193 ἐπέμψαμεν
1485 4090 1770 4191 βόειον·
1840 4105 2118 4193 apteque
2184 4121 2264 4168 eo
2321 4097 2559 4169 referri
2617 4096 2804 4169 vide·

489 4200 770 4271 l4rstur
817 4197 886 4268 in
936 4198 1358 4294 sequentibus
1407 4194 1578 4271 τάδ’
1637 4191 2043 4291 ἀνθόμοια.
2146 4195 2321 4271 Sunt
2369 4207 2585 4271 tamen
2637 4223 2803 4296 quae

583 4299 750 4372 haec
798 4299 913 4370 vix
962 4299 1298 4395 patiantur
1343 4324 1467 4396 pro
1516 4299 1691 4372 veris
1744 4299 2001 4372 haberi.
2115 4298 2410 4372 Primum
2459 4300 2632 4372 enim
2680 4326 2803 4372 ne-

585 4424 712 4497 que
759 4399 834 4474 iu
882 4400 1102 4474 verbis
1160 4401 1559 4475 scholiastae
1625 4400 1972 4498 quidquam
2022 4409 2165 4494 est,
2236 4426 2322 4477 ex
2387 4426 2521 4498 quo
2566 4402 2799 4499 colligi
