3192 4992
1177 335 1290 396 DE
1352 334 1812 398 ATLANTE.
2479 336 2609 406 57

374 508 598 577 autem
660 481 908 599 duplex
973 500 1064 574 sit
1127 499 1210 574 de
1272 500 1550 574 Atlante
1613 465 1907 585 narratio
1924 529 1965 592 ,·
2019 501 2232 574 altera
2292 501 2604 599 Hesiodi,

377 629 547 702 quae
596 601 1039 680 tantummodo
1092 602 1348 674 caelum
1398 603 1462 674 ei
1512 603 1891 699 impositum
1920 603 2148 708 uadit,
2203 605 2414 678 altera
2444 609 2605 681 illo-
2720 681 2723 690 ,

303 787 310 794 ,
375 729 560 797 rum,
629 704 740 801 qui
791 729 940 776 eum
991 704 1188 775 simul
1254 711 1322 775 et
1372 705 1627 776 caelum
1679 714 1749 777 et
1799 711 2039 777 terram
2094 729 2357 778 versare
2411 709 2605 782 dixe-

375 813 565 898 runt,
635 804 1146 878 Hesiodea‘illa
1195 805 1538 901 aptissima
1604 814 1673 878 et
1723 806 2246 879 commodissima
2294 809 2604 905 imagini-

374 908 493 979 bus
548 917 676 979 est.
780 907 1022 978 Talem
1073 907 1281 1001 igitur
1330 907 1659 978 cernimus
1684 906 2019 978 Atlantem
2063 907 2184 978 illa
2219 909 2286 980 in
2316 911 2600 1006 pictura,

331 1031 567 1105 ⁴quam
615 1009 683 1079 iu
737 1031 892 1080 vase
961 1008 1228 1104 antiquo
1287 1016 1616 1102 repertam
1668 1002 1875 1078 edidit
1920 1007 2333 1102 RochettuS‚
2405 1013 2605 1109 plane

372 1112 512 1201 sic,
582 1117 654 1181 ut
718 1133 863 1180 eum
918 1108 1273 1205 descripsit
1321 1107 1700 1199 Hesiodus,
1775 1117 2055 1180 stantem
2121 1120 2188 1181 et
2254 1113 2470 1209 capite
2522 1139 2603 1188 ac

370 1212 669 1283 manibus
748 1211 1017 1308 globum
1086 1211 1421 1283 stellatum
1491 1211 1973 1282 sustinentem..
1995 1210 2059 1306 ⁰)
2182 1210 2601 1311 Videturque

372 1312 600 1384 eadem
651 1313 873 1408 specie
924 1312 1129 1383 fuisse
1165 1310 1514 1407 Olympiae
1563 1313 1636 1383 in
1682 1310 1992 1383 thesauro
2029 1311 2600 1410 Epidamniorum‚
2713 1364 2716 1367 -

258 1505 269 1518 Ο
371 1413 455 1488 de
523 1437 651 1508 quo
705 1414 974 1510 scripsit
1023 1412 1390 1486 Pausanias
1440 1410 1576 1484 Vl.
1635 1414 1759 1503 19,
1811 1417 1885 1487 8.
1958 1413 2099 1506 ἔχει
2150 1410 2381 1490 πόλον
2432 1418 2602 1493 ἀνέ-

365 1509 692 1609 χόμενον
721 1512 868 1588 ὑπὸ
902 1514 1313 1597 Ἄτλαντος.
1417 1512 1834 1589 Scholiastes
1870 1513 2215 1612 Euripidis
2245 1518 2324 1588 ad
2364 1517 2599 1594 Orest-

370 1618 549 1691 970.
603 1641 799 1714 quum
852 1616 1143 1713 scripsit,
1196 1614 1241 1711 ἡ
1290 1612 1432 1711 μὲν
1479 1613 1771 1709 ἱστορία
1820 1612 2007 1715 λέγει
2046 1613 2180 1691 τὸν
2216 1613 2601 1696 Τάνταλον

370 1715 949 1806 ἆνατεταμέναις
1003 1715 1215 1814 χερσὶ
1275 1716 1526 1815 φέρειν
1589 1715 1726 1791 τὸν
1792 1712 2150 1812 οὐρανόν·
2225 1727 2369 1795 νῦν
2421 1719 2503 1798 δὲ
2556 1721 2597 1796 ὃ
2682 1787 2691 1796 ,

369 1816 777 1916 Εὐριπίδης
837 1815 1048 1901 ἰδίως
1105 1818 1240 1892 τὸν
1316 1816 1525 1914 ἥλιον
1589 1820 2052 1915 ἐπηρτῆσθαι
2114 1816 2299 1920 λέγει
2362 1817 2601 1920 αὐτῷ,

369 1916 740 2016 διάπυρον
788 1919 971 1994 ὄντα
1019 1915 1352 2013 μύδρον,
1419 1920 1645 1993 nescio
1713 1944 1796 1992 an
1862 1944 1982 1992 suo
2038 1922 2317 2020 quodam
2369 1949 2596 2000 errore

368 2022 704 2097 Atlantem
755 2046 903 2098 cum
954 2021 1248 2094 Tantalo
1302 2021 1699 2096 confuderit.
1815 2019 2071 2095 Saxum
2125 2022 2417 2098 Tantalo
2467 2027 2600 2100 im·

366 2122 659 2222 pendens
722 2123 990 2221 plurimi
1042 2124 1402 2219 scriptores
1452 2132 1957 2213 memorarunt„
2005 2123 2278 2198 indicati
2329 2150 2372 2198 a
2418 2126 2598 2199 Por-

366 2250 532 2300 sono
585 2225 669 2296 ad
720 2222 956 2297 Orest.
995 2226 1117 2311 ,5.,
1168 2219 1420 2296 caelum
1472 2233 1691 2295 autem
1743 2225 1823 2296 ab
1877 2249 1956 2296 co
2011 2226 2322 2297 sustineri
2373 2229 2597 2301 nullus

367 2326 566 2404 dixit.
642 2322 960 2397 Credere
1016 2325 1318 2396 videntur
1364 2323 1750 2398 Volckerus
1804 2334 1871 2399 et
1923 2323 2335 2419 Creuzerus,
2406 2353 2598 2424 quem

367 2452 436 2499 v.
501 2428 571 2499 in
638 2427 836 2500 tertia
902 2426 1191 2500 editione
1241 2423 1658 2519 Symbolices
1723 2426 1890 2498 fasc.
1950 2430 2020 2499 1.
2085 2450 2156 2523 p.
2209 2428 2284 2502 9.
2407 2428 2597 2504 Nihil

364 2528 439 2601 in
498 2529 623 2599 illa
692 2551 883 2623 quam
945 2525 1285 2600 Hesiodus
1350 2526 1706 2622 descripsit
1750 2527 2048 2600 Atlantis
2112 2528 2398 2625 imagine
2464 2541 2594 2624 est,

359 2629 543 2727 quod
597 2628 881 2725 exprimi
930 2628 1444 2726 nonlpotuerit3
1494 2627 1686 2719 nihil,
1742 2628 1919 2725 quod
1966 2628 2209 2701 rationi
2242 2641 2597 2728 repugnet.

367 2731 541 2823 Quid
599 2754 753 2804 vero
808 2728 1139 2819 dicamus,
1211 2729 1269 2801 si
1337 2729 1588 2802 caelum
1656 2728 1851 2801 simul
1904 2753 2068 2801 cum
2131 2737 2312 2802 terra
2361 2741 2594 2808 teneus

365 2831 712 2929 fingendus
764 2830 852 2903 sit
899 2831 1093 2902 Atlas
1112 2825 1150 2903 Ρ
1249 2828 1420 2902 Nam
1473 2830 1583 2902 ubi
1633 2830 1873 2922 stabit,
1928 2831 1985 2901 si
2037 2840 2305 2924 terram,
2357 2834 2429 2909 iu
2464 2859 2593 2933 qua

368 2943 546 3010 stare
597 2932 900 3024 debehat,
951 2933 1095 3029 ipse
1148 2932 1455 3023 sustinet,
1509 2941 1658 3022 aut,
1713 2932 1775 3003 si
1824 2939 1958 3006 stat
2004 2932 2075 3003 in
2128 2940 2346 3026 terra,
2422 2961 2592 3034 quo-

366 3035 560 3117 modo
591 3035 919 3107 sustinere
954 3034 1202 3130 poterit
1232 3033 1327 3123 id,
1349 3057 1510 3133 “quo
1547 3033 1908 3105 sustinetur
1939 3026 2141 3129 ipse?
2240 3033 2338 3107 Et
2372 3045 2592 3112 tamen

364 3138 437 3210 in
501 3136 747 3233 templo
811 3133 997 3207 Iovis
1050 3133 1347 3231 Olympii
1410 3135 1709 3230 picturae
1759 3133 2055 3208 Panaeui
2120 3134 2424 3228 fuerunt,
2478 3139 2587 3214 'de

367 3239 601 3336 quibus
652 3236 1018 3308 Pausanias
1071 3235 1167 3307 V.
1224 3239 1342 3326 11,
1396 3238 1471 3309 5.
1524 3236 1625 3307 sic
1675 3243 1994 3308 testatur:
2059 3237 2142 3309 ἐν
2193 3234 2276 3313 δὲ
2328 3237 2590 3325 αὐταῖς

219 3423 226 3434 ,
366 3340 521 3414 ἔστι
567 3336 708 3432 μὲν
760 3335 1087 3434 οὐρανὸν
1133 3335 1261 3410 καὶ
1307 3343 1453 3437 γῆν
1485 3335 1744 3419 ’Ἀτλας
1793 3336 2113 3432 ἀνέχων·
2142 3338 2588 3436 ,παρέστηκε

301 3519 310 3526 ,
366 3439 451 3517 δὲ
500 3437 627 3516 καὶ
664 3438 1026 3538 Ἡρακλῆς
1074 3435 1520 3538 ἐκδέξασθαι
1566 3436 1654 3511 τὸ
1687 3438 1927 3533 ἄχθος
1959 3438 2244 3518 ἐθέλων
2275 3440 2589 3519 ’Ἀτλαν-

385 3717 404 3753 ·.
463 3694 515 3765 ,”
537 3692 599 3778 ⁶)
655 3696 904 3754 Similiter
943 3700 1000 3754 in
1025 3696 1257 3754 Passerii
1296 3697 1512 3774 picturis
1532 3694 1774 3754 Etruscis
1815 3697 1918 3754 vol.
1940 3695 2039 3754 111.
2082 3696 2256 3753 tabula
2284 3695 2585 3758 ccxmx.

365 3782 646 3843 Herculem
697 3779 855 3840 habet
903 3784 1226 3857 recipientem
1284 3781 1412 3838 caeli
1455 3783 1663 3855 globum
1677 3825 1692 3851 ,
1753 3784 1813 3838 in
1853 3800 1951 3856 qno
1995 3781 2118 3838 luna
2161 3788 2214 3839 et
2253 3782 2438 3840 stellae
2479 3802 2585 3842 cer·

365 3875 574 3936 uantur,
615 3865 866 3924 adstante
891 3885 997 3923 una
1026 3864 1392 3941 Hesperidum.
1455 3865 1578 3926 Vid.
1624 3870 1777 3923 etiam
1809 3865 2130 3924 Hancarvill.
2165 3863 2342 3943 Antiq.
2372 3866 2587 3928 Etrusc-

367 3960 462 4028 etc.
507 3952 579 4012 T.
620 3951 720 4009 111.
761 3953 864 4008 tab.
907 3947 1008 4009 68.
1091 3951 1154 4008 In
1197 3950 1374 4008 Musei
1411 3950 1689 4009 Borbonici
1731 3957 1899 4008 autem
1940 3950 2044 4008 vol.
2086 3949 2157 4007 V.
2200 3952 2301 4009 tab.
2346 3946 2446 4010 52.
2490 3950 2586 4010 At·

368 4039 446 4095 las
489 4040 714 4094 cernitur
755 4040 917 4112 capite
973 4034 1176 4111 quidem
1230 4042 1281 4091 et
1309 4033 1563 4092 ‘humeris
1619 4055 1680 4092 ac
1733 4035 1966 4091 manibus
2009 4034 2138 4091 caeli
2178 4035 2386 4114 globum
2430 4040 2584 4094 susti-

367 4139 523 4191 nens,
577 4119 670 4178 sed
712 4119 944 4177 dextmm
988 4138 1127 4196 genu
1171 4137 1297 4176 saxo
1344 4122 1628 4189 subnixus,
1687 4121 1837 4196 quasi
1889 4138 1946 4176 se
2000 4123 2196 4198 erigere
2234 4121 2435 4178 volens.
2518 4119 2583 4176 In

365 4224 510 4275 vase,
550 4204 685 4281 quod
725 4204 791 4264 Ε.
814 4203 1115 4261 Gerhardus
1149 4203 1381 4262 Berolini
1407 4201 1589 4264 1838.
1635 4203 1920 4280 descripsit,
1959 4202 2114 4261 Atlas
2154 4208 2437 4281 pictusdest
2474 4222 2582 4261 cae-

365 4290 476 4348 lum
517 4289 779 4346 stellatum
821 4292 985 4364 capite
1029 4297 1082 4346 et
1121 4291 1353 4348 manibus
1397 4292 1680 4359 sustinenS,
1721 4291 1865 4348 nullo
1895 4294 2010 4366 ipse
2048 4293 2102 4348 in
2138 4290 2251 4347 solo
2284 4296 2446 4357 stans,
2488 4286 2583 4348 sed

365 4375 528 4433 veluti
567 4378 625 4431 in
666 4392 781 4431 aere
821 4372 1068 4450 pendens.
1253 4374 1258 4379 ’

448 4468 679 4538 nnn.
718 4463 835 4536 oi».
874 4468 1015 4539 VII.
1133 4563 1134 4566 Ἴ
1724 4547 1740 4561 ⁶
2116 4468 2180 4533 R
