3192 4992
647 384 772 450 120
1253 386 1356 445 ou
1400 383 1691 445 OFFICIO
1733 382 2246 476 mrmmms.
2300 361 2311 368 ”

641 553 970 651 particula
1018 547 1279 623 habeat.
1381 537 1524 624 Sei!
1589 559 1937 646 spreverat
1986 550 2383 623 scholiastae
2435 547 2519 621 de
2568 549 2865 620 aemula-

642 656 824 727 tione
874 676 1042 749 quae
1090 654 1268 725 inter
1314 651 1676 724 Pindarum
1742 661 1810 725 et
1859 650 2326 747 Bacchylidem
2352 649 2579 722 *fuerit
2626 673 2864 722 narra-

641 758 911 846 tionem,
980 779 1168 850 quam
1225 755 1486 825 minime
1538 753 2075 826 contemnendam
2125 777 2273 825 esse
2325 759 2555 825 contra
2606 750 2865 824 Thier-

579 889 588 900 ’
639 858 892 930 schium
944 856 1234 938 ostendit
1282 854 1536 927 Neuius
1597 855 1671 926 in
1723 854 2144 949 Bacchylidis
2209 851 2596 949 fragmentis
2660 879 2731 951 p.
2781 856 2860 927 3.

638 982 827 1055 seqq.
929 957 1027 1029 Et
1078 957 1465 1028 confirmare
1517 980 1661 1027 eam
1717 956 2017 1027 videntur
2068 957 2323 1046 omnia,
2395 978 2562 1050 quae
2610 954 2740 1027 hoc
2784 955 2861 1027 in

637 1061 925 1133 carmine
977 1059 1149 1130 dixit
1196 1057 1553 1129 Pindarus.
1674 1056 1875 1130 Certe
1925 1082 2122 1129 unum
2172 1057 2587 1153 potissimum
2638 1058 2860 1129 obtre-

638 1170 957 1234 ctatorem
1008 1160 1254 1256 respici
1297 1159 1498 1230 verba
1546 1159 1696 1255 ipsa
1747 1184 1941 1256 quum
1992 1159 2152 1230 alibi
2203 1168 2338 1229 tum
2388 1158 2499 1230 hic
2547 1157 2857 1254 produnt.

634 1261 1036 1334 Rectissime
1089 1262 1257 1332 enim
1293 1261 1460 1333 haec
1493 1259 1672 1331 dicta
1700 1269 1853 1333 sunt
1870 1288 1906 1333 ε,
1942 1262 2051 1333 eie
2079 1262 2337 1362 qualis
2368 1284 2473 1350 es,
2527 1271 2608 1333 et
2631 1283 2862 1333 nosce
2895 1260 2900 1263 ’

635 1374 712 1436 te
725 1386 752 1433 .·
823 1365 1108 1461 pulcer
1161 1360 1519 1462 proficio
1584 1364 1853 1435 simius
1904 1360 2129 1464 apud
2160 1386 2452 1460 pueros
2465 1414 2489 1451 ,
2522 1383 2863 1462 4εεηιφθο·

627 1466 932 1565 pulcer.
1036 1464 1275 1536 Monet
1322 1462 1685 1536 Hieronem
1736 1472 1958 1560 poeta,
2011 1471 2084 1535 ut
2134 1465 2279 1561 ipse
2332 1463 2544 1560 qualis
2595 1464 2686 1536 sit
2738 1488 2864 1535 no-

636 1574 818 1657 scat,
893 1567 1221 1662 talemqne
1285 1590 1358 1637 se
1422 1566 1775 1663 praebeat,
1859 1590 2070 1662 neque
2136 1566 2359 1638 audiat
2420 1565 2866 1637 blandientem

635 1691 954 1740 scurram.
1056 1667 1225 1739 Nam
1291 1690 1583 1739 scurram
1655 1666 1964 1738 admirari
2029 1664 2379 1738 stultorum
2443 1690 2619 1738 esse.
2719 1665 2861 1738 Pro

635 1769 858 1840 stultis
924 1770 1281 1841 nominavit
1346 1792 1629 1864 pueros3
1694 1769 2065 1840 scurriliter
2129 1768 2567 1840 blandientem
2616 1773 2862 1860 autem,

535 1872 791 1966 22quia
839 1870 905 1940 id
958 1868 1376 1965 πιθηκίζειν
1426 1869 1708 1960 dicitur,
1778 1870 2036 1941 simium
2088 1871 2373 1942 vocavit.
2475 1869 2669 1962 Quod
2721 1896 2865 1943 κα-

634 1968 758 2053 λὸς
806 1972 1111 2043 iteratum
1163 1980 1303 2061 est,
1385 1970 1629 2041 factum
1684 1970 1764 2042 dc
1817 1996 2037 2060 more,
2102 1978 2176 2042 ut
2226 1994 2465 2066 magna
2515 1971 2862 2043 admiratio

632 2072 1145 2170 significaretur,
1199 2071 1735 2176 quemadmodum
1791 2073 1964 2167 apud
1998 2071 2433 2144 Theocritum
2473 2070 2687 2145 VIII.
2733 2076 2865 2147 72.

833 2220 1018 2318 κὴμὲ
1122 2219 1216 2321 ἃς)
1270 2225 1349 2296 ἔκ
1386 2222 1698 2321 τῶντρω
1734 2217 2116 2320 σύνοφρυς
2146 2219 2333 2320 κόρα
2367 2220 2585 2318 ἐχθὲς
2612 2221 2864 2298 ἰδοῖσα

834 2324 970 2409 ’τὰς
1089 2321 1381 2423 αμᾶλας
1449 2331 1947 2452 παρελεῦνταῐ,
2032 2321 2300 2414 καλόν,
2384 2323 2615 2401 καλὸν
2676 2320 2864 2422 ἦμεν

1901 2432 2254 2526 ἔφασκεν·

632 2590 703 2653 et
752 2580 923 2676 apud
977 2578 1454 2652 Callimachum
1504 2580 1718 2675 epigr.
1773 2583 1899 2654 30.

834 2726 1222 2823 Λυσανίη,
1288 2725 1385 2801 σὺ
1435 2725 1517 2801 δὲ
1569 2726 1774 2823 ναίχι
1821 2725 2065 2816 καλός,
2115 2725 2369 2814 καλός·

635 2889 705 2955 et
753 2882 824 2954 in
876 2880 1346 2977 epigrammate
1398 2878 1575 2975 quod
1626 2880 1800 2952 inter
1847 2881 2249 2955 incertorum
2300 2894 2404 2957 est
2456 2888 2580 2960 14.

836 3027 1006 3106 εἶπά
1055 3058 1133 3105 τε
1182 3027 1308 3104 καὶ
1358 3025 1583 3105 πάλιν
1634 3029 1844 3121 εἶπα,
1907 3027 2167 3127 καλός,
2233 3030 2474 3118 καλός.
2608 3115 2629 3134 ⁴

633 3185 867 3285 Neque
921 3192 1065 3257 erat
1116 3208 1235 3256 cur
1283 3182 1450 3254 illud
1503 3183 1851 3258 Boeckhio
1906 3186 2313 3284 displiceret,
2370 3190 2546 3285 quod
2596 3190 2697 3266 sic
2746 3215 2863 3263 ea·-

634 3290 782 3362 dem
833 3310 1142 3386 persona,
1198 3308 1364 3381 quae
1417 3286 1526 3357 hic
1577 3287 1806 3358 simius
1852 3298 2217 3381 vocaretur,
2270 3291 2498 3386 paullo
2548 3301 2704 3390 post
2757 3294 2864 3364 di·-

634 3399 897 3464 ceretur
947 3390 1204 3485 vulpes.
1306 3385 1476 3458 Nam
1527 3412 1611 3459 ne
1663 3412 2184 3481 commemorem,
2238 3392 2412 3488 quod
2464 3394 2573 3466 hic
2605 3394 2689 3466 de
2717 3396 2865 3472 sola

521 3485 528 3494 ’
634 3492 1117 3581 assentatione,
1190 3489 1364 3560 infra
1412 3496 1630 3560 autem
1697 3488 1779 3561 de
1831 3492 2172 3564 calumniis
2235 3517 2451 3565 sermo
2505 3503 2647 3586 est,
2708 3498 2860 3595 ⁴ipse

633 3602 831 3690 poeta
883 3589 1347 3665 offensioni'eo
1394 3591 1707 3680 occurrit,
1763 3592 1937 3688 quod
1981 3593 2102 3665 illa
2130 3594 2552 3692 interposuit,
2608 3596 2864 3699 ὀργαῖς

635 3693 886 3777 ἀτενὲς
933 3691 1333 3766 ἀλωπέκων
1383 3693 1630 3765 ἴκελοι.
1663 3693 1760 3791 ¹²)
1864 3690 2006 3765 Sed
2059 3695 2139 3765 de
2210 3699 2442 3792 quihus
2494 3699 2563 3769 id
2616 3699 2864 3774 dictum

635 3807 740 3869 est
752 3835 800 3887 ,·
831 3794 1255 3890 -διαβολιᾶν
1320 3789 1724 3890 ὑποφάτιες
1787 3795 2055 3866 multam
2094 3796 2460 3870 ‘dubitandi
2521 3802 2864 3873 materiam

548 3938 560 3951 ι
635 3899 1097 3996 praebuerunt.
1222 3895 1637 3989 Διαβολιᾶν
1690 3896 1949 3992 quidem
1998 3922 2121 3992 pro
2174 3895 2565 3995 ὃιηβολιᾶν
2602 3901 2862 3975 ‘dictum

637 4024 782 4073 esse
835 4022 1043 4095 neque
1096 3997 1402 4090 analogia
1437 3997 1739 4092 patitur,
1807 4005 1875 4069 et
1926 4000 2090 4070 satis
2143 4000 2384 4074 refutat
2437 4000 2858 4101 Theognidis

594 4093 865 4174 ‘versus
932 4101 1107 4174 324.
1214 4094 1644 4195 Ὑποφάτιες
1707 4107 1922 4170 autem
1989 4101 2150 4171 mihi
2218 4103 2477 4197 quidem
2544 4112 2611 4177 et
2658 4105 2861 4181 iidem
2920 4107 2937 4113 ”

803 4321 903 4403 ¹²)
959 4324 1108 4383 Haec
1148 4337 1329 4403 probat
1367 4335 1686 4402 Boeckhius.
1769 4337 1892 4396 Non
1917 4342 2042 4400 item
2071 4311 2203 4416 quae
2238 4350 2538 4417 sequuntur,
2579 4344 2717 4421 quod
2740 4365 2857 4405 πο-

636 4406 957 4490 ταγωγίδες
1002 4422 1171 4473 tamen
1216 4423 1324 4479 non*
1363 4430 1480 4479 ante
1521 4422 1762 4493 Dionysii
1804 4422 2047 4500 temperas
2077 4425 2202 4484 dicti
2244 4426 2454 4490 fuerint.
