3192 4992
520 1255 606 1459 ,ξ
1128 1356 1336 1476 nn
1476 1250 2301 1445 nunnus

452 1711 457 1720 Ι
569 1550 1861 1673 [Nscmr'rlomssus
1978 1545 2637 1666 GRAEcls
2683 1551 2796 1691 ι).

435 2029 444 2038 2
570 1943 1150 2077 Adspicientibus
1215 2001 1383 2077 quae
1454 2001 1544 2051 ex
1605 1979 1893 2075 antiquis
1957 1976 2395 2051 monumentis
2462 1968 2798 2047 mutilatae

573 2090 645 2155 et
689 2082 1044 2155 lacunosae
1073 2082 1540 2178 inscriptiones
1584 2077 1884 2177 prolatae
1929 2087 2105 2170 sunt,
2160 2075 2466 2151 similiter
2497 2083 2573 2149 ut
2602 2096 2801 2174 quum

573 2181 1023 2256 aedificiorum
1072 2183 1297 2255 ruinas
1351 2183 1893 2280 contemplamur,
1946 2179 2275 2278 cupiditas
2315 2177 2632 2276 quaedam
2675 2196 2802 2250 ex-

574 2285 817 2357 citatur
869 2281 1086 2357 omnia
1135 2280 1596 2382 perquirendi,
1672 2280 2193 2379 coniiciendique
2261 2305 2452 2378 quem
2504 2297 2799 2376 quaeque

571 2407 727 2482 pars
777 2406 965 2458 usum
1018 2383 1344 2478 babuerit,
1398 2386 1683 2483 quidque
1733 2393 1942 2458 totum
1982 2383 2149 2457 illud
2193 2379 2418 2475 fuerit,
2471 2382 2657 2455 cuius
2693 2381 2802 2452 ni-

570 2488 668 2559 liil
718 2488 851 2560 nisi
914 2488 1184 2561 inutiles
1249 2495 1603 2584 supersunt
1663 2487 2009 2583 reliquiae.
2127 2481 2270 2559 Sed
2321 2493 2425 2556 est
2473 2481 2541 2555 in
2596 2501 2677 2554 ea
2723 2499 2799 2556 re

577 2586 681 2660 via
731 2588 1007 2685 quadam
1058 2611 1138 2661 ac
1178 2590 1435 2661 ratione
1480 2611 1673 2685 opus,
1727 2612 1810 2661 ne
1845 2583 2001 2684 quid
2035 2596 2147 2660 aut
2191 2583 2572 2682 arripiatur,
2628 2579 2805 2681 quod

574 2710 873 2761 caussam
923 2709 1056 2759 11011
1104 2687 1345 2760 babeat
1392 2687 1723 2780 idoneam,
1777 2697 1890 2760 aut
1938 2689 2280 2784 probetur,
2336 2687 2509 2784 quod
2561 2680 2802 2757 falsum

502 2859 512 2882 „
574 2810 724 2862 esse
774 2785 1033 2861 ostendi
1081 2790 1334 2884 possit,
1404 2796 1517 2860 aut
1564 2790 1637 2860 in
1685 2783 1969 2860 medium
2021 2789 2375 2882 afferatur,
2445 2781 2619 2885 quod
2668 2809 2803 2860 11011

579 2890 717 2994 veri
766 2884 1192 2962 similitudine
1234 2885 1722 2963 commendetur
1773 2911 1964 2986 quam
2003 2890 2219 2988 possit
2257 2890 2566 2962 maxima.
2668 2883 2804 2959 Li-

573 2994 690 3065 bet
733 2986 802 3063 id
855 2989 1108 3064 duobus
1158 2987 1481 3089 exemplis
1533 2991 1980 3065 demonstrare
2031 2990 2531 3090 inscriptionum
2577 2983 2640 3062 F
2644 3009 2803 3062 our-

574 3102 1051 3166 montanarum.
2136 3109 2145 3118 ·
2838 3097 2847 3112 '

777 3195 983 3286 Argis
1034 3191 1300 3266 inventa
1365 3203 1468 3265 est
1533 3188 1749 3266 brevis
1797 3191 2004 3267 inseri
2053 3195 2186 3285 tio,
2261 3216 2454 3292 quam
2503 3193 2575 3266 in
2626 3187 2825 3266 Gor-'

578 3320 740 3395 pore
791 3284 1309 3394 Inscriptionum
1358 3293 1744 3368 Boeckbins
1794 3322 1864 3368 n.
1915 3221 2170 3368 xisII.
2235 3315 2307 3392 p.
2360 3297 2487 3370 25.
2549 3294 2801 3369 Rosius

580 3408 797 3472 autem
844 3397 915 3470 in
964 3394 1516 3498 Inscriptionibus
1566 3395 2032 3470 vetustissimis
2082 3422 2157 3495 p.
2186 3395 2312 3472 81.
2363 3397 2614 3495 posuit.
2696 3398 2803 3469 Ac

578 3499 827 3573 Rosius
880 3499 961 3571 de
1014 3499 1459 3597 explicatione
1500 3506 1570 3570 et
1612 3497 2027 3572 restitutione
2060 3500 2489 3596 desperabat:
2543 3524 2584 3571 a
2617 3495 2803 3571 Boe·-

582 3602 780 3673 ckhio
832 3610 1048 3673 autem
1098 3623 1270 3697 quae,
1317 3600 1651 3696 disputata
1701 3611 1854 3673 sunt
1905 3623 2099 3697 quum
2150 3625 2275 3697 ego
2327 3596 2801 3699 improbassem

580 3704 651 3775 in
702 3727 781 3776 eo
830 3703 1028 3793 libro,
1083 3726 1211 3798 quo
1264 3701 1345 3772 de
1397 3702 1539 3774 eius
1590 3703 1982 3775 tractatione
2031 3699 2535 3799 inscriptionum
2586 3702 2803 3774 disse-

582 3804 726 3894 rui,
797 3828 868 3899 p.
920 3805 1041 3880 53.
1094 3828 1155 3875 s.
1223 3802 1515 3876 defendit
1578 3803 1699 3874 ille
1752 3805 2012 3900 quidem
2061 3828 2214 3876 suas
2268 3805 2681 3877 coniecturas
2731 3805 2799 3874 iu

582 3905 988 4003 praefatione
1040 3903 1360 4001 Corporis
1413 3907 1499 4003 §-
1548 3900 1654 3976 X.
1707 3905 1826 3978 sed
1874 3931 2005 3978 11011
2055 3905 2189 3998 ita,
2255 3913 2331 3977 ut
2380 3905 2680 3977 effecisse
2731 3902 2799 3975 id

586 4007 759 4103 quod
810 4006 1071 4077 volebat
1119 4005 1474 4098 videatur.¹
1547 4005 1781 4102 Neque
1829 4007 1901 4078 id
1949 4006 2207 4098 mirum,
2261 4031 2457 4104 quum
2488 4031 2619 4078 11011
2656 4003 2808 4078 eam'

585 4109 675 4181 sit
722 4107 893 4179 viam
941 4106 1321 4204 ingressus,
1393 4131 1587 4205 quam
1635 4108 1766 4181 boc
1813 4133 2022 4205 genus
2074 4131 2314 4205 operae
2379 4107 2508 4180 sibi
2554 4106 2799 4205 poscit.

585 4289 757 4297 Q*

763 4395 818 4474 ¹)
880 4397 1037 4455 Edita
1078 4405 1161 4453 est
1201 4418 1251 4453 a.
1297 4393 1481 4472 1835.
1718 4419 1725 4429 ·
