3192 4992
635 370 762 438 166
1192 365 1783 432 EMENDA'HONES
1823 311 2298 456 Pmoamcm.

638 534 960 633 ἀπήμων
1008 533 1183 631 κέαρ
1233 534 1364 606 isto
1417 526 1849 630 significatu?
1946 531 2032 605 Id
2084 532 2256 604 enim
2305 555 2467 606 usus
2511 555 2649 606 nou
2680 531 2861 629 pati-

642 655 756 713 tur
801 639 929 709 nisi
981 637 1063 712 de
1114 661 1195 708 eo
1248 634 1419 726 dici,
1494 636 1604 708 cui
1652 637 1981 708 aerumnis
2029 639 2304 708 vacuum
2365 639 2471 710 est
2519 656 2662 706 cor.
2764 630 2862 706 Et
2936 673 2947 684 ν

643 739 799 838 quid
863 738 994 811 sibi
1040 738 1181 809 vult
1245 736 1376 808 ista
1429 736 1627 833 plane
1676 737 1932 814 inutilis
1984 744 2179 832 atque
2228 735 2457 831 inepta
2505 734 2860 825 sententia,

640 843 757 916 ubi
805 837 998 915 modo
1047 839 1222 911 idem
1274 838 1515 910 dictum
1581 846 1727 912 erat
1788 829 2446 934 significantissime?
2542 833 2708 912 Fuit
2754 843 2864 907 ta-

641 967 816 1035 men,
872 941 984 1038 qui
1033 941 1249 1037 repeti
1298 964 1446 1014 cum
1492 940 1554 1014 vi
1587 939 1879 1011 eamdem
1907 941 2299 1012 sententiam
2326 945 2651 1010 censeret.
2722 933 2864 1009 So·-

641 1047 785 1116 lent
834 1045 1007 1114 euim
1056 1042 1394 1132 nonnulli,
1468 1065 1666 1136 quum
1731 1040 1887 1136 quid
1936 1049 2072 1114 tam
2119 1040 2586 1116 inconvenieus
2635 1047 2739 1113 est
2787 1046 2864 1110 ut

641 1145 946 1244 expediri
997 1143 1333 1214 commode
1384 1148 1705 1238 nequeat,
1773 1167 1920 1214 cum
1970 1142 2038 1213 vi
2088 1141 2334 1214 dictum
2382 1141 2860 1238 pronunciare:

644 1272 816 1345 quae⁸
864 1248 962 1315 vis
1014 1254 1230 1316 tamen
1294 1245 1507 1340 qualis
1558 1245 1647 1314 sit
1696 1268 1828 1315 non
1879 1244 2241 1316 declarant.
2339 1241 2516 1315 Num
2562 1243 2693 1315 boc
2741 1267 2866 1315 vo·
2987 1253 2990 1256 ’

641 1351 814 1439 lunt,
866 1347 1103 1419 fortius
1155 1344 1485 1417 efferenda
1535 1370 1683 1416 esse
1736 1370 1902 1441 quae
1932 1347 2274 1442 languent,
2325 1369 2408 1417 ne
2441 1345 2684 1417 sentiat
2715 1345 2867 1416 lan-

644 1474 847 1547 guere
913 1440 1229 1519 auditor?
1327 1446 1562 1537 Absit,
1637 1454 1711 1518 ut
1770 1446 2128 1519 Pindarum
2193 1471 2327 1518 nou
2391 1447 2639 1518 rectius
2706 1445 2866 1543 quid

644 1561 838 1648 atque
904 1550 1121 1648 aptius
1184 1573 1430 1645 ponere
1479 1550 1776 1645 potuisse
1828 1549 2197 1626 credamus,
2296 1546 2382 1619 Id
2431 1548 2587 1644 quid
2637 1546 2865 1644 fuerit,

645 1678 755 1726 res
803 1653 971 1750 ipsa*
1001 1650 1261 1723 videtur
1308 1660 1674 1754 monstrare
1692 1677 1737 1730 e„

1754 1798 1936 1884 θεὸς
1985 1798 2137 1885 οἷος

852 1897 1171 2002 ἀπήμων
1218 1900 1430 2003 κέαρ·
1499 1899 1883 2000 εὐδαίμων
1948 1898 2030 1975 δὲ
2090 1899 2216 1976 καὶ
2278 1898 2605 2005 ὑμνητὸς
2653 1893 2869 1985 οὗτος

1856 2001 2050 2099 ἀνὴρ
2100 2001 2433 2106 γίγνεται
2481 2008 2771 2103 σοφοῖς,

849 2104 930 2187 ὃς
976 2102 1077 2179 ἂν
1117 2102 1378 2199 χερσὶν
1425 2101 1473 2198 ἢ
1521 2101 1782 2178 ποδῶν
1831 2105 2057 2200 ἀρετᾷ
2106 2100 2504 2204 κρατήσαις
2783 2195 2792 2202 .

844 2205 942 2280 τά
989 2205 1272 2306 μέγιστ’
1331 2205 1634 2284 ἀέθλων
1683 2206 1804 2302 ἕλῃ
1854 2213 2091 2304 τολμᾷ
2139 2235 2216 2280 τε
2265 2205 2394 2281 καὶ
2445 2207 2723 2294 σθένει,

846 2306 974 2383 καὶ
1024 2303 1241 2397 ζώων
1288 2308 1394 2380 ἔτι
1441 2334 1573 2382 νεα
1626 2307 1715 2381 ὸν
2430 2303 2442 2316 “

848 2408 1011 2485 κατ’
1073 2407 1297 2484 αἶσαν
1346 2408 1517 2483 υἱὸν
1547 2335 1675 2504 'ign
1715 2403 2039 2503 τυχόντα
2080 2401 2478 2506 στεφάνων
2509 2404 2866 2484 Πυθίων.

647 2562 971 2661 Apertum
1022 2571 1127 2634 est
1177 2586 1366 2658 quam
1419 2563 1584 2633 haec
1636 2569 1704 2633 et
1752 2562 1985 2658 pulcra
2020 2569 2088 2633 et
2126 2541 2347 2658 gravis
2381 2562 2707 2634 sententia
2741 2563 2866 2636 sit:
2996 2627 3001 2634 Α

647 2663 841 2737 deus
903 2664 1111 2735 soluo
1178 2687 1314 2734 cor
1378 2657 1612 2734 habet
1670 2687 2004 2733 vacuum
2052 2660 2341 2736 doloris
2354 2686 2381 2733 .·
2434 2662 2606 2737 ‘sed
2637 2660 2869 2761 felia>

648 2766 886 2839 etiam
936 2774 1017 2835 et
1062 2758 1494 2835 celebr-ictus
1545 2759 2022 2859 sapientibus
2070 2760 2198 2835 hic
2243 2761 2462 2837 homo
2511 2777 2661 2856 est,
2736 2768 2874 2869 qui

650 2866 964 2938 summis
1004 2864 1299 2961 potitus
1349 2875 1469 2936 est
1503 2865 1884 2961 praemiis
1934 2875 2017 2937 et
2058 2865 2276 2939 vivus
2310 2864 2568 2940 adhuc
2596 2864 2869 2970 fllium

650 2964 860 3040 videt
901 2963 1262 3066 Pythiam
1312 2963 1680 3065 adeptum
1730 2990 2122 3041 coronam.

561 3171 756 3299 ω’
1007 3239 1024 3251 ⁸
1394 3216 2120 3293 Prrfl.xn

853 3369 1290 3443 Vndecimum
1342 3394 1607 3452 carmen
1656 3371 2093 3468 vituperatum
2141 3382 2245 3444 est
2294 3372 2376 3443 ab
2425 3371 2712 3469 antiquis
2763 3373 2872 3444 in-

655 3472 1054 3569 terpretibus
1067 3523 1093 3564 ,
1155 3473 1328 3570 quod
1377 3474 1601 3569 inepte
1652 3471 2209 3568 Clytaemestrae
2262 3474 2516 3552 scelera
2564 3474 2869 3552 laudibus

597 3637 601 3641 .
657 3573 927 3647 victoris
977 3574 1337 3646 intexuerit
1387 3584 1610 3671 poeta.
1724 3573 1878 3647 Non
1928 3583 2145 3647 tamen
2193 3576 2291 3654 id·
2314 3599 2461 3648 eum
2504 3583 2750 3649 temere
2803 3584 2871 3648 et

654 3676 797 3748 siue
849 3698 1082 3747 caussa
1130 3676 1369 3748 fecisse
1420 3685 1601 3748 recte
1650 3677 1965 3749 iudicavit
2010 3676 2421 3769 Boeckbius,
2484 3701 2870 3774 quamquam

604 3767 615 3776 ’
656 3795 823 3873 quae
872 3777 1029 3870 ille,
1100 3787 1176 3850 ut
1236 3778 1432 3850 istam'
1497 3778 1972 3873 digressionem
2024 3779 2427 3876 explicaret,
2493 3777 2671 3852 facta
2720 3803 2868 3854 esse

656 3877 978 3972 coniecit,
1057 3880 1260 3951 nimis
1302 3879 1571 3951 exiliter
1633 3881 1999 3982 composita
2060 3880 2389 3960 videntum
2501 3880 2729 3974 Nihil,
2808 3882 2869 3953 si

656 3978 813 4076 quid
864 4003 990 4074 ego
1041 3982 1259 4072 video,
1313 3982 1516 4052 aliud·
1540 3982 1973 4078 probabiliter
2020 3983 2189 4054 sumi
2219 3990 2466 4079 potest,
2519 4006 2713 4079 quam
2739 3983 2869 4054 ali-

658 4105 849 4178 quem
898 4104 986 4152 ex
1036 4091 1232 4177 gente
1283 4084 1555 4155 victoris
1605 4108 1728 4179 per
1776 4084 2049 4155 insidias
2101 4086 2377 4180 periisse
2427 4095 2703 4182 propter
2750 4110 2868 4157 su-

656 4183 1017 4303 spicionem
1067 4183 1373 4256 adulterii
1424 4209 1569 4262 cum
1621 4185 1828 4257 nobili
1877 4186 2175 4284 muliere,
2228 4188 2697 4283 affectataeque
2744 4210 2868 4284 per

495 4281 548 4366 ’.
656 4309 800 4364 clus
878 4286 1367 4364 consuetudinis
1441 4287 2003 4384 'opportunitatem
2079 4287 2569 4368 dominationis.
2693 4286 2866 4370 Nam

657 4388 1044 4480 adulteram,
1102 4405 1267 4488 quae
1318 4413 1416 4460 ex·
1454 4388 1667 4512 ipsius
1718 4388 2135 4488 Thrasydaei
2180 4398 2378 4488 gente
2428 4388 2735 4470 oriunda’
2752 4413 2867 4464 es·-
