3192 4992
641 263 843 400 mr*
1268 357 1273 364 -
1339 325 1442 391 nn
1484 323 1786 390 GRAECA
1825 319 2193 388 mnan.

645 519 840 598 quam
901 495 1041 570 suis
1091 515 1238 573 cum
1289 492 1418 566 diis
1482 493 1664 567 circa
1711 515 1794 566 ea
1838 493 1993 566 loca
2041 487 2517 580 consederant,
2583 485 2867 561 discerni

643 598 1013 675 nominibus
1078 596 1241 670 deos
1267 596 1283 608 “
1305 618 1580 668 necesse
1647 603 1829 687 erat,
1898 602 1976 666 ut
2037 593 2119 664 ab
2183 587 2579 664 Hellenibus
2647 590 2868 686 potius

492 697 509 722 ‘
646 701 947 777 Graecas
998 721 1036 770 a
1083 697 1479 796 pellationes
1528 698 1711 770 nacti
1760 719 1909 769 esse
1945 694 2036 766 dii
2076 693 2440 768 videantur.
2541 689 2689 788 Ipsi
2720 691 2869 764 Do·-

645 802 883 876 donaei
932 724 1209 897 Perasgi
1258 798 1425 871 duos
1477 799 1783 871 colebant
1831 796 2155 869 maximos
2208 791 2394 886 deo's,
2449 793 2559 890 qui
2607 794 2696 864 iis
2737 791 2870 874 Δὶς

644 912 716 978 et
764 893 1018 997 Διώνη
1068 900 1506 991 vocabantur,
1579 922 1747 996 quae
1812 899 2076 972 nomina
2139 896 2290 994 ipso
2340 903 2584 968 testata
2629 895 2872 967 Dodo-

641 1027 811 1079 naeo
846 1003 1118 1076 oraculo
1146 1000 1321 1098 apud
1348 1000 1865 1074 Demosthenem
1900 1024 1964 1072 c.
1990 999 2275 1070 Midiam
2314 1023 2386 1095 p.
2421 997 2599 1071 531.
2627 999 2711 1095 ξ.
2740 996 2870 1070 53.

643 1107 816 1179 nihil
879 1105 1012 1177 nisi
1061 1103 1255 1175 deum
1318 1110 1388 1174 et
1451 1101 1639 1174 deam
1689 1101 2065 1197 significare
2114 1108 2299 1172 recte
2359 1100 2433 1171 in
2497 1099 2695 1174 tertio
2745 1121 2872 1169 ex-

645 1231 844 1281 cursu
911 1205 995 1277 ad
1057 1228 1202 1276 eam
1253 1204 1615 1276 orationem
1665 1203 1981 1276 iudicavit
2026 1200 2492 1274 Buttmannus.
2607 1199 2871 1271 Memo-

643 1317 878 1381 rantur
941 1329 1029 1379 ex
1094 1303 1324 1382 eodem
1376 1306 1647 1378 oraculo
1711 1304 1911 1376 iidem
1976 1303 2068 1376 dii
2133 1302 2307 1399 apud
2356 1301 2871 1373 Demosthenem

646 1411 844 1482 etiam
894 1408 967 1480 in
1018 1408 1317 1479 oratione
1369 1406 1451 1478 de
1499 1406 1672 1479 falsa
1720 1405 2056 1503 legatione
2108 1430 2179 1501 p.
2208 1405 2386 1477 437.
2439 1405 2525 1501 ξ.
2578 1403 2754 1477 299.
2805 1409 2872 1473 et

643 1512 717 1583 in
768 1510 968 1607 epist.
1019 1511 1095 1583 4.
1146 1534 1219 1607 p.
1265 1511 1485 1586 1481.
1540 1512 1616 1582 2.
1668 1515 2153 1602 cernunturque
2202 1506 2431 1601 iugata
2480 1527 2708 1576 eorum
2759 1525 2873 1575 ea-

645 1613 790 1710 pita
839 1612 909 1683 in
957 1610 1237 1683 nummis
1287 1609 1684 1706 Epiroticis.
1786 1606 2032 1681 Strabo
2086 1606 2168 1679 de
2217 1605 2506 1679 Dodona
2558 1600 2731 1677 VII.
2800 1629 2871 1701 p.

645 1715 823 1788 329.
890 1708 1136 1807 ἐπειδὴ
1190 1706 1510 1793 σύνναος
1557 1716 1668 1808 τῷ
1698 1708 1830 1783 Διῒ
1874 1705 2283 1804 ἀπεδείχθη
2321 1701 2670 1804 ἦΔιώνη.
2743 1704 2873 1778 Est

645 1821 864 1887 autem
913 1813 1137 1887 Dione
1185 1837 1346 1906 non,
1398 1821 1475 1885 ut
1516 1810 1901 1886 Gronovius
1953 1811 2037 1883 ad
2064 1808 2393 1907 Stephani
2439 1808 2874 1905 fragmentum

643 1940 717 2013 p.
774 1918 897 1989 12.
970 1933 1011 1984 a
1058 1910 1301 1987 Servio
1367 1914 1683 2011 deceptus
1748 1913 2060 2011 putabat,
2130 1910 2407 2003 Venus,
2493 1909 2614 1981 sed
2675 1907 2872 1981 Iuno.

646 2014 1065 2089 scholiastes
1114 2014 1393 2087 Homeri
1445 2015 1528 2087 ad
1580 2013 1830 2111 Odyss.
1881 2012 2025 2085 ΙΠ.
2076 2014 2202 2089 91.
2269 2010 2373 2096 ὥς
2420 2008 2548 2085 καὶ
2594 2008 2642 2106 ἦ
2672 2009 2873 2107 ’Ἡρα

645 2112 900 2212 Διώνη
933 2114 1136 2214 παρὰ
1162 2112 1664 2200 Δωδωναίοις.
1716 2115 2078 2213 Perperam
2104 2116 2197 2186 ibi
2234 2114 2553 2211 scriptum
2577 2110 2871 2208 Διαίνη,

646 2218 825 2317 quod
876 2213 1210 2291 Graecum
1261 2217 1323 2291 si
1371 2226 1589 2311 esset,
1644 2214 1921 2292 Δίαινα
1971 2241 2120 2290 esse
2172 2216 2450 2289 debebat
2463 2267 2486 2306 ,
2552 2224 2634 2288 ut·
2672 2214 2876 2285 mirer

648 2320 1023 2393 dubitanter
1069 2318 1922 2418 loquutumButtmannum.
1958 2327 2028 2391 et
2073 2319 2144 2389 in
2197 2316 2515 2389 addendis
2558 2315 2642 2388 ad
2675 2315 2876 2390 scho-

644 2422 889 2494 liastae
939 2422 1159 2493 locum
1209 2430 1277 2494 et
1324 2423 1394 2493 in
1447 2445 1735 2496 excursu
1784 2418 1918 2496 IV.
1972 2420 2054 2491 ad
2100 2418 2571 2492 Demosthenis
2624 2418 2875 2491 oratio-

646 2545 799 2595 nem
861 2520 1229 2594 Midianam
1292 2531 1362 2594 et
1425 2523 1497 2594 in
1561 2521 1960 2619 Mytbologo
2022 2519 2088 2592 I.
2159 2546 2229 2618 p.
2282 2523 2406 2594 23.
2477 2515 2874 2591 Latinorum

646 2621 804 2714 Dis,
858 2624 971 2718 qui
1021 2631 1125 2695 est
1166 2621 1356 2704 Ζεὺς
1382 2619 1909 2716 καταχθόνιος,
1960 2631 2032 2695 et
2058 2622 2428 2718 Diespiter,
2483 2645 2565 2693 an
2612 2644 2699 2693 ex
2738 2620 2875 2692 Pe-

644 2724 922 2818 lasgicis
973 2722 1112 2793 illis
1164 2722 1362 2794 ducta
1414 2724 1571 2814 sint,
1627 2723 1889 2795 dubium
1910 2750 1932 2795 z
2002 2719 2255 2819 Διώνη
2307 2733 2522 2796 autem
2575 2745 2873 2794 servasse

650 2823 917 2895 videtur
964 2846 1202 2894 nomen
1253 2846 1480 2916 suum,
1531 2824 1771 2896 leviter
1818 2833 2066 2897 mutata
2111 2825 2655 2923 pronunciatione
2703 2821 2872 2895 Iuno

554 2922 856 2997 lssdicta.
956 2921 1242 2996 Praeter
1289 2924 1412 3017 hos
1465 2925 1649 3016 deos,
1705 2926 1816 3022 qui
1844 2927 2110 2999 maximi
2145 2936 2356 3019 erant,
2409 2927 2580 2998 alios
2616 2947 2873 3023 quoque

649 3027 763 3098 vel
815 3045 1006 3098 omne
1056 3049 1290 3098 nomen
1342 3025 1768 3124 Pelasgicum
1817 3028 1924 3099 vel
1978 3029 2095 3099 alii
2149 3029 2307 3100 alibi
2347 3028 2623 3124 Pelasgi
2674 3050 2875 3099 vene-

576 3127 1000 3219 „·rabautur,
1064 3127 1135 3198 in
1202 3128 1438 3224 quibus
1502 3129 1630 3200 fuit
1679 3127 2058 3202 Mercurius
2109 3130 2614 3227 ithyphallicuS,
2683 3151 2875 3225 quem

649 3229 731 3301 ab
811 3229 899 3301 iis
976 3228 1417 3302 Athenienses
1487 3230 1827 3332 accepisse
1906 3231 2071 3303 dicit
2130 3231 2513 3305 Herodotus
2577 3228 2682 3302 II.
2748 3231 2874 3304 51.

504 3371 510 3376 ·
646 3330 903 3428 Nempe
953 3351 1103 3401 eum
1153 3330 1342 3402 deum
1396 3330 1735 3428 Tyrrheni
1783 3333 1889 3404 illi
1921 3331 2222 3429 Pelasgi,
2276 3355 2317 3404 a
2367 3334 2600 3429 quibus
2650 3355 2874 3403 murus

647 3433 722 3505 in
742 3517 747 3524 .
771 3455 924 3504 arce
976 3438 1080 3503 est
1130 3432 1472 3525 conditus,
1526 3434 1692 3505 illuc
1741 3442 2212 3530 appot-taven,
2265 3435 2381 3532 qui
2427 3433 2624 3505 iidem
2676 3434 2876 3507 etiam

649 3533 995 3605 Braurona
1049 3531 1210 3606 deae
1260 3535 1468 3626 illius,
1521 3556 1712 3631 quam
1759 3533 2171 3638 ὶφιγένειαν
2219 3537 2563 3626 vocabant,
2617 3535 2875 3631 siguum

655 3641 1064 3706 statuerumt
1147 3634 1228 3707 de
1309 3658 1438 3732 qua
1516 3636 1642 3708 dea
1720 3635 1861 3709 dixi
1922 3636 1993 3710 iu
2055 3636 2465 3735 praefatione
2528 3635 2873 3733 Euripidis

652 3733 1044 3832 Iphigeniae
1096 3733 1458 3809 Tauricae.
1581 3736 1751 3828 Quis
1812 3738 2022 3836 igitur
2072 3738 2360 3830 dubitet,
2434 3739 2590 3835 quin
2641 3738 2875 3810 iisdem

653 3838 725 3906 in
775 3837 946 3908 locis
996 3837 1195 3910 etiam
1258 3839 1415 3910 illos
1467 3840 1788 3911 maximos
1840 3839 2001 3911 deos
2051 3842 2414 3932 coluerint,
2486 3839 2910 3936 praesertim,

657 3937 719 4010 si
768 3937 850 4007 ab
901 3935 1287 4012 Dodonaeis
1337 3939 1673 4036 Pelasgis,
1733 3948 1807 4012 ut
1854 3941 2217 4037 Dionysius
2266 3939 2878 4014 Halicarnassensis

655 4037 721 4110 I.
781 4039 902 4127 17.
952 4035 1268 4133 tradidit,
1302 4040 1585 4138 profecti
1637 4049 1791 4114 suut
1836 4036 2191 4115 Athenas?
2289 4042 2485 4115 Nunc
2509 4042 2879 4118 Athenien-

659 4141 840 4212 sibus
904 4141 1189 4214 maxima
1251 4139 1376 4215 dea
1438 4151 1583 4215 erat
1646 4142 1993 4236 Minerva,
2073 4143 2382 4242 Pelasgis
2434 4142 2743 4242 Iuppiter
2811 4150 2880 4214 et

658 4240 857 4313 Iuno.
956 4237 1196 4314 Neutri
1245 4244 1604 4317 alterorum
1653 4244 1814 4317 deos
1864 4269 2213 4341 sprevere,
2286 4247 2442 4338 sed,
2517 4268 2684 4342 quac
2736 4250 2881 4315 erat

663 4344 859 4414 etiam
908 4345 1408 4450 peregrinorum
1456 4345 1728 4418 deorum
1776 4345 2172 4441 reverentia,
2223 4350 2513 4422 maluere
2550 4347 2878 4445 propitios
