3192 4992
687 369 813 436 130
1244 343 1836 474 EblENDATlONES
1879 371 2348 431 PINDARICAE.

688 563 843 611 num
887 534 1160 611 incidit:
1235 536 1355 608 sed
1406 534 1582 632 quod
1643 536 1969 626 coniecit,
2032 538 2258 633 paullo
2324 543 2475 607 ante
2525 534 2720 606 ludos
2768 529 2914 629 Py-

690 641 867 714 thios
917 638 1292 711 memoriam
1343 638 1768 711 victoriarum
1818 638 2208 710 celebratam
2264 638 2343 708 ab
2383 635 2680 708 Hierone
2730 660 2911 726 esse,

689 742 762 813 id
810 740 970 812 mihi
1020 740 1099 810 ab
1149 741 1270 812 illo
1325 739 1610 811 carmine
1652 739 2120 823 alienissimum
2147 738 2430 810 videtur.
2531 736 2682 809 Non
2735 737 2913 809 enim

688 842 1081 914 instantibus
1130 840 1332 931 ludis,
1386 840 1469 910 ad
1512 847 1677 936 q‘uos
1724 840 2076 936 quadrigas
2112 840 2422 929 misisset,
2474 838 2712 911 festum
2737 838 2911 909 diem

690 944 775 1016 ob
826 943 1140 1039 pristinas
1205 941 1519 1014 victorias
1586 941 1805 1037 egisse
1874 941 2264 1012 crediderim
2317 941 2714 1031 Hieronem,
2789 939 2912 1010 sed

689 1052 1118 1141 exspectasse
1181 1043 1403 1139 potius
1469 1050 1771 1114 eventum
1834 1042 2175 1134 ludorum,
2247 1067 2365 1140 spe
2416 1040 2912 1113 excellentioris

689 1146 1032 1218 victoriae.
1137 1141 1556 1240 Omninoque
1609 1144 1761 1240 equi
1795 1143 2150 1215 Pherenici
2201 1144 2596 1216 mentionem
2628 1167 2759 1214 non
2808 1141 2912 1214 sic

688 1247 927 1322 leviter
988 1245 1260 1320 fecisset
1308 1245 1683 1336 Pindarus,
1760 1245 1821 1318 si
1883 1245 2304 1318 victoriarum
2356 1245 2514 1317 olim
2575 1247 2953 1342 partarum'

688 1347 1004 1420 memoria
1067 1347 1345 1419 canendi
1408 1346 1822 1419 occasionem
1886 1347 2321 1442 praebuisset.
2421 1344 2655 1441 Neque
2715 1345 2913 1416 etiam

599 1493 605 1502 =
691 1448 867 1544 quod
888 1449 1376 1567 ‘suspicabatur
1423 1448 1832 1540 BoeckhiuS,
1887 1449 2109 1520 sedem
2159 1472 2343 1519 suam
2380 1446 2744 1519 Hieronem
2777 1444 2914 1541 Sy-

687 1551 944 1623 racusis
1007 1550 1292 1622 Aetnam
1355 1550 1714 1621 transferre
1781 1550 1851 1621 in
1917 1550 2132 1622 animo
2183 1549 2529 1640 habuisse,
2606 1548 2912 1645 quoniam

636 1652 784 1729 4ita
830 1651 1071 1723 faverit
1117 1651 1458 1741 AetnaeiS,
1510 1659 1585 1723 ut
1636 1676 1707 1723 se
1757 1651 2124 1723 Aetnaeum
2175 1651 2549 1723 renunciari
2586 1648 2913 1744 Pythiade

685 1752 988 1825 XXIX.
1038 1753 1347 1845 voluerit,
1410 1753 1764 1824 verisimile
1817 1778 1964 1824 esse
2017 1752 2322 1825 arbitror.
2428 1752 2642 1844 Quam
2691 1750 2914 1847 suspi-
2992 1805 2997 1814 .

687 1855 943 1927 cionem
995 1854 1300 1951 concepit
1333 1854 1717 1926 Boeckhius
1770 1879 1857 1930 ex
1909 1879 2017 1945 eo,
2072 1854 2246 1950 quod
2299 1853 2635 1926 dehortari
2675 1853 2756 1923 ab
2789 1853 2911 1923 illo

677 1956 967 2029 consilio
1019 1954 1383 2027 Hieronem
1447 1955 1746 2028 videatur
1808 1954 2178 2047 Pindarus,
2252 1981 2449 2051 quum
2514 1952 2914 2028 Coronidem
2970 2012 2978 2019 .

685 2058 1095 2154 vituperans),
1149 2056 1325 2154 quod
1373 2057 1791 2154 peregrinum
1845 2066 2199 2129 amatorem
2233 2058 2661 2153 praetulisset
2694 2053 2915 2152 Apol-

683 2159 833 2251 lini,
892 2182 1096 2232 vanos
1150 2183 1296 2230 esse
1349 2158 1559 2249 dixit,
1629 2159 1742 2255 qui
1790 2159 2155 2256 longinqua
2204 2158 2583 2231 domesticis
2635 2165 2917 2254 antepo-

617 2257 632 2272 “
683 2253 945 2332 nerent.
1046 2259 1141 2332 At
1207 2284 1358 2331 vere
1422 2260 1674 2332 monuit
1725 2260 2124 2352 DisseniuS,
2195 2284 2427 2356 parum
2494 2268 2714 2355 aptam
2766 2282 2914 2330 esse

686 2362 1239 2458 comparationem
1291 2363 1567 2434 amantis
1619 2364 1883 2459 puellae
1936 2386 2080 2433 cum
2111 2361 2436 2434 Hierone.
2538 2359 2684 2435 Nec
2724 2361 2915 2432 deni-

687 2487 812 2560 que
863 2464 1031 2534 illud
1083 2463 1264 2535 credi
1314 2488 1513 2559 posse
1566 2464 1902 2554 existimo,
1958 2464 2134 2559 quod
2184 2463 2367 2535 luctu
2409 2462 2768 2536 domestico
2810 2461 2916 2532 af-

682 2564 903 2637 flictus
946 2562 1147 2635 fuerit
1178 2563 1388 2635 Hiero
1419 2574 1677 2636 mortuo
1708 2565 1849 2636 filio
1880 2565 2128 2637 filiave.
2208 2562 2292 2635 Id
2329 2566 2612 2637 coniecit
2641 2563 2914 2636 Boeck-

681 2665 832 2735 hius
883 2664 988 2735 his
1042 2672 1350 2760 quattuor
1400 2667 1828 2760 argumentis,
1879 2666 2120 2761 primo,
2174 2666 2347 2762 quod
2374 2666 2760 2763 Aesculapii
2803 2690 2912 2737 res

681 2789 890 2861 usque
943 2764 1026 2836 ad
1077 2773 1353 2835 mortem
1405 2766 1547 2836 eius
1603 2764 2029 2853 deducantur,
2083 2768 2323 2838 additis
2364 2766 2584 2863 ἄνδρ’
2643 2769 2725 2841 ἐκ
2755 2768 2913 2839 θα-

681 2862 918 2940 νάτου
951 2862 1269 2960 κομίσαι
1317 2863 1461 2961 ἤδη
1513 2862 1855 2940 ἁλωκότα
1918 2876 1986 2940 et
2045 2866 2189 2965 χρὴ
2252 2865 2347 2940 τὰ
2413 2865 2703 2943 ἐοικότα
2757 2867 2912 2965 πὰρ

682 2963 1073 3061 δαιμόνων
1105 2965 1563 3062 μαστευέμεν
1594 2968 1918 3051 θναταῖς
1956 2969 2264 3067 φρασίν,
2315 2966 2596 3098 γνόντα
2637 2997 2724 3044 το
2758 2968 2913 3066 πὰρ

681 3064 939 3156 ποδός,·
987 3068 1145 3150 οἵας
1195 3065 1397 3163 εἶμεν
1447 3072 1696 3151 αἴσας·
1764 3067 1907 3166 μὴ,
1959 3069 2143 3168 φίλα
2184 3070 2427 3169 ψυχὰ,
2479 3070 2657 3167 βίον
2707 3067 2914 3144 ἀθά-

681 3197 916 3245 νατον
980 3168 1290 3257 σιτῶδες
1362 3171 1638 3261 deinde,
1706 3173 1880 3267 quod
1930 3172 2123 3245 Pelei
2189 3184 2256 3246 et
2307 3172 2541 3245 Cadmi
2604 3173 2914 3299 exempla

682 3273 1042 3345 afferantur
1089 3272 1319 3344 liberis
1374 3272 1787 3365 orbatorum3
1840 3298 2069 3370 porro,
2125 3276 2299 3371 quod
2346 3276 2523 3347 dicat
2558 3283 2759 3372 poeta
2787 3275 2914 3348 ὄλ,-

679 3374 820 3470 βος
885 3372 1022 3447 οὐκ
1086 3375 1160 3454 ἐς
1222 3370 1515 3470 μακρὸν
1567 3371 1950 3472 ἀνδρῶν’
1924 3381 2242 3471 ε’·ρχεται
2326 3376 2397 3447 id
2463 3378 2633 3449 enim
2699 3378 2910 3449 maius

667 3498 831 3546 -esse
885 3499 1076 3571 qnam
1124 3500 1247 3571 pro
1300 3476 1674 3547 valetudine
1716 3477 2155 3564 consolanda3
2211 3478 2553 3574 denique,
2570 3477 2745 3573 quod
2779 3477 2909 3550 duo

679 3571 854 3646 mala
904 3586 1244 3668 memoret,
1299 3601 1465 3673 quae
1515 3601 1648 3649 uno
1703 3603 1850 3649 cnm
1901 3578 2072 3650 bono
2126 3580 2205 3650 ab
2260 3581 2386 3652 diis
2431 3580 2667 3652 dentur
2693 3580 2912 3651 homi-

680 3677 898 3750 nibus.
998 3678 1094 3749 At
1146 3678 1227 3750 de
1248 3677 1651 3776 Aesculapio
1692 3680 1953 3775 quidem
1984 3689 2338 3777 propterea
2373 3682 2682 3777 exposuit
2707 3689 2912 3778 poeta

684 3778 1045 3874 copiosius,
1098 3787 1173 3850 ut
1222 3804 1305 3852 ne
1355 3779 1578 3851 fabula
1629 3781 1902 3853 carmini
1946 3781 2244 3854 deesset.
2313 3783 2711 3879 deduxitque
2764 3806 2911 3855 eam

680 3881 1126 3953 narrationem
1187 3905 1396 3992 nsque
1478 3881 1561 3953 ad
1627 3892 1903 3956 mortem
1967 3883 2393 3982 Aesculapii,
2454 3893 2548 3957 ιιι
2610 3893 2913 3957 moneret

681 3979 1087 4073 Hieronem,
1138 4007 1221 4054 ne
1271 3983 1672 4079 peritissimo
1727 3977 1985 4081 quidem
2035 3984 2290 4058 medico
2344 3988 2560 4058 omnia
2611 4010 2698 4058 ex
2752 3994 2907 4058 voto

685 4082 1068 4155 succedere.
1167 4083 1360 4174 Pelei
1411 4092 1627 4156 autem
1679 4094 1748 4158 et
1799 4084 2033 4158 Cadmi
2083 4088 2403 4185 exemplis
2449 4089 2703 4189 utitur,
2771 4112 2908 4159 non

689 4185 863 4281 quod
911 4184 1159 4257 liberos
1207 4168 1348 4257 illi
1363 4186 1739 4279 amiserint,
1808 4187 1927 4259 sed
1978 4188 2177 4285 quod,
2232 4205 2427 4285 quum
2477 4190 2583 4261 vel
2634 4190 2907 4261 deorum

689 4286 1031 4359 connubiis
1093 4287 1403 4360 honorati
1465 4288 1548 4358 ad
1614 4312 1925 4361 summam
1988 4290 2374 4363 felicitatem
2422 4292 2903 4408 pervenissent,

550 4382 559 4390 ’
689 4397 906 4461 tamen
970 4389 1154 4486 passi
1224 4389 1358 4461 sint
1421 4389 1862 4463 acerbissima.
1994 4390 2285 4487 Neque
2302 4415 2459 4465 vero
2527 4393 2736 4466 maius
2802 4401 2906 4462 est
