3192 4992
717 357 820 421 DE
860 353 1297 421 moenum
1337 353 1878 424 contemnum
1917 357 2213 423 Lmlcs.
2451 357 2582 432 287

347 551 475 602 rus
523 526 592 600 in
639 521 1658 624 Doricus-vol.11.p.354.
1710 532 1986 622 propter
2028 549 2328 620 versum,
2388 555 2582 627 quem

357 628 644 703 servavit
671 628 1069 702 schoh‘astes
1097 625 1463 725 Sophoclis
1515 626 1603 699 ad
1629 627 1742 700 Αἰ.
1790 650 1857 697 v.
1886 631 2062 702 722.
2115 631 2284 727 (nou
2320 635 2577 736 1074.)

539 776 839 875 Ἅμυκε,
887 770 994 877 μὴ
1032 773 1317 870 κύδαζέ
1337 806 1469 876 μοι
1499 774 1637 853 τὸν
1662 772 2165 880 πρεσβύτερον
2194 778 2580 883 ἀδελφεόν.

341 931 522 1006 Nam
592 956 719 1005 nec
780 940 1195 1030 praesentem
1265 955 1414 1004 esse
1482 931 1672 1003 illum
1735 911 2005 1004 fratrem
2069 957 2343 1009 necesse
2408 946 2580 1031 erat,

339 1058 502 1127 nec,
554 1034 616 1106 si
665 1058 980 1132 praesens
1031 1041 1233 1124 esset,
1287 1057 1415 1106 non
1467 1056 1616 1104 esse
1667 1055 2015 1129 personam
2065 1045 2333 1110 mutam.
2368 1081 2381 1093 ·

555 1135 915 1232 Reliquum
964 1145 1093 1228 est,
1146 1143 1221 1207 ut
1271 1133 1353 1206 de
1404 1134 1490 1206 iis
1542 1132 1782 1225 dicam,
1834 1158 2003 1230 quae
2052 1137 2124 1208 iu
2163 1139 2295 1210 line
2336 1141 2582 1216 inscri-

349 1238 654 1336 ptionum
702 1238 785 1309 de
838 1236 1072 1334 quibus
1107 1236 1506 1334 disputatum
1538 1243 1644 1308 est
1684 1235 2020 1332 leguntur,
2074 1262 2156 1311 ne
2196 1242 2347 1336 quis
2377 1243 2578 1335 forte,
2618 1285 2621 1294 ·
2726 1323 2731 1334 ,

337 1337 529 1437 quod
578 1339 651 1411 in
700 1338 1131 1435 inscriptione
1189 1341 1410 1413 1583.
1461 1345 1605 1427 est,
1682 1339 1813 1408 TA
1862 1341 2346 1415 ΕΠΙΝΙΚΙΑ
2393 1343 2582 1419 ΚΩ-

350 1444 592 1515 MAF
604 1443 880 1516 ῩΔΟΣ
905 1443 1402 1515 ΕΥΑΡΧΟΣ
1439 1439 1969 1514 ΕΙΡΟΔΟΤΩ
1995 1443 2414 1519 ΚΟΡΩΝΕ
2426 1451 2580 1537 ΥΣ,

350 1542 632 1639 lyricum
694 1542 981 1638 aliquem
1044 1541 1427 1614 comoedum
1492 1540 1853 1637 confingat.
1974 1541 2197 1618 Video
2263 1547 2435 1620 enim
2483 1550 2584 1624 ita

347 1645 561 1717 statui
610 1643 693 1715 de
741 1643 891 1717 istis
941 1641 1283 1741 epiniciis,
1336 1650 1413 1715 ut
1461 1665 1607 1713 mea
1656 1643 2009 1736 sententia,
2062 1646 2233 1742 quid
2270 1649 2402 1721 isto
2454 1676 2583 1725 no-

349 1745 531 1818 miue
582 1745 1030 1842 significetur,
1063 1769 1229 1817 ›uou
1278 1744 1370 1816 sit
1416 1743 1852 1816 intellectum.
1928 1746 2060 1833 ‘Ac
2108 1747 2581 1826 Tbiersebium

343 1843 689 1921 -M'dllerus
750 1847 822 1918 in
871 1845 1148 1919 Notitiis
1208 1845 1552 1920 litterariis
1619 1843 2171 1943 Gottingeusibus
2233 1874 2299 1923 a.
2356 1857 2581 1932 1821.

317 1972 425 2021 Ἢ.
483 1952 654 2024 106.
721 1958 955 2045 putare
1006 1948 1140 2040 ait,
1211 1947 1568 2066 praeconia
1618 1956 1881 2019 cantata
1943 1971 2093 2022 esse
2143 1953 2428 2029 omnium
2479 1959 2583 2031 ci·-

350 2050 557 2143 vium,
611 2049 722 2146 qui
771 2050 840 2121 in
893 2049 1108 2121 sacris
1154 2048 1330 2121 ludis
1373 2049 1716 2121 vicissent.
1817 2048 1996 2122 Mihi
2037 2053 2296 2149 quidem
2325 2055 2583 2132 Tbier-

352 2151 528 2225 sebii
591 2151 918 2224 sententia
984 2151 1057 2222 iu
1120 2150 1625 2224 Introductione
1689 2149 1774 2222 ad
1837 2150 2197 2226 Pindarum
2260 2180 2331 2253 Ρ.
2404 2164 2579 2236 101.

337 2252 524 2327 baec
570 2253 777 2325 fuisse
829 2251 1116 2343 videtur,
1166 2262 1459 2325 certasse
1506 2257 1744 2348 poetas
1796 2254 2191 2328 carminibus
2244 2261 2579 2356 epiniciis.

348 2352 534 2427 Hinc
580 2354 851 2444 factum,
902 2359 977 2424 ut
1026 2377 1099 2448 Ρ.
1145 2357 1318 2427 117.
1369 2375 1513 2447 seq.
1563 2350 2001 2424 audacissima
2044 2356 2425 2434 coniectura
2473 2364 2582 2436 in-

347 2454 784 2557 scriptionem
838 2455 1061 2584 1584.
1113 2454 1301 2530 cuius
1351 2453 1423 2526 in
1472 2452 1606 2526 fine
1658 2452 1975 2550 scriptum
2023 2464 2166 2531 est.
2262 2499 2267 2504 -

1236 2598 1330 2677 τὰ
1382 2598 1703 2678 ἐπινίκια

1078 2701 1534 2802 κωμῳδιῶν
1552 2697 1876 2801 ποιητής,

742 2801 1219 2908 Ἀλέξανδρος
1250 2803 1723 2906 Ἀριστίωνος
1753 2804 2175 2904 Λθηναῖος·

193 3063 204 3072 s
347 2960 719 3035 mutilatam
767 2983 920 3036 esse
969 2959 1296 3053 erederet,
1347 2957 1783 3057 supplen‘quc
1824 2959 2028 3033 vellet
2073 2960 2210 3035 ita.

1242 3107 1338 3185 τὰ
1388 3106 1709 3185 ἐπινίκια

1294 3206 1658 3310 κωμῳδός

988 3368 1010 3389 ⁶
1074 3408 1375 3512 ποιητὴς
1419 3411 1868 3517 τραγῳδιῶν

1046 3611 1377 3793 δποιητὴς
1422 3571 1847 3715 κωμῳδιῶν
1915 3570 1935 3590 .
2153 3571 2173 3591 ⁹
2578 3620 2683 3697 26

748 3714 1223 3818 Ἀλέξανδρος
1256 3717 1743 3818 Ἀριστίωνος
1757 3716 2178 3815 Λθηναῖος.

317 3827 464 3944 ,Ab
515 3893 598 3942 eo
650 3870 779 3943 etsi
832 3870 1180 3944 dissentire
1230 3895 1304 3943 se
1357 3870 1520 3944 dicit
1552 3845 1911 3963 Miillerus,
1966 3877 2183 3942 tamen
2229 3867 2303 3942 in
2351 3869 2579 3946 eadem

351 3972 504 4068 ipse
552 3958 815 4045 videtur
863 3973 1191 4044 sententia
1241 3996 1415 4045 esse.
1515 3972 1722 4046 Putat
1769 3973 1969 4063 enim,
2033 3994 2201 4068 quae
2248 3970 2581 4047 Boeckbii

355 4096 620 4171 quoque
671 4073 894 4171 opinio
945 4080 1051 4146 cst
1098 4081 1169 4172 Ρ.
1223 4076 1398 4150 764.
1459 4075 1750 4178 peractis
1800 4073 2262 4147 certaminibus
2310 4076 2581 4149 musicis
2730 4121 2741 4134 ·

358 4173 845 4272 victoribusque
897 4147 1176 4248 solemni
1224 4200 1467 4275 pompa
1513 4175 1599 4248 ad
1650 4176 2018 4249 convivium
2070 4175 2369 4249 deductis
2418 4199 2581 4249 can-

355 4281 500 4348 tata
564 4300 713 4350 esse
775 4278 1063 4351 carmina
1075 4329 1100 4371 ,
1149 4279 1417 4375 quibus
1481 4302 1676 4376 quum
1741 4278 2229 4353 celebrarentur
2290 4277 2581 4351 victores

360 4375 501 4471 isti,
553 4378 767 4453 denuo
817 4388 1138 4454 certatum
1186 4380 1278 4455 sit
1324 4380 1431 4455 his
1481 4380 1915 4512 carminibus,
1985 4378 2265 4476 ideoque
2313 4379 2580 4458 nomina
