3192 4992
640 345 774 414 374
1240 347 1341 407 DE
1383 345 1759 405 AESCHYLI
1798 343 2247 404 TRAGOEDns

647 517 820 587 fama
866 514 964 585 ita
1012 512 1254 584 abusus
1305 519 1450 584 erat
1496 510 1894 608 Aeschylus,
1945 518 2022 582 ut
2071 533 2293 582 ensem
2307 560 2335 600 ,
2385 532 2517 605 quo
2567 534 2643 581 se
2691 509 2878 581 Aiax

650 616 957 688 traiicere
1007 614 1251 705 vellet,
1320 613 1636 685 inflexum
1702 637 1850 685 esse
1916 612 2193 684 diceret.
2307 607 2727 684 Scholiastes
2789 612 2878 683 ad

645 717 875 791 Aiacis
929 739 993 787 v.
1045 718 1224 789 833.
1290 711 1942 840 πωαραδεδομένου
1966 710 2049 786 δὲ
2111 711 2295 787 καθ’
2353 709 2697 808 ἱστορίαν
2759 710 2878 785 ὅτι

647 814 839 895 κατὰ
889 814 976 890 τὸ
1027 816 1202 889 ἄλλο
1255 823 1474 943 σῶμα
1525 816 1851 911 ἄτρωτος
1900 808 1998 911 ἦν
2048 812 2087 887 5
2121 817 2336 900 Αἴας,
2383 810 2578 886 κατὰ
2625 810 2711 886 δε
2735 812 2878 908 τὴν

649 913 1066 1046 μασχάλην
1087 912 1388 1015 τρωτός,
1440 915 1569 991 διὰ
1616 914 1705 991 τὸ
1753 914 1890 991 τὸν
1929 913 2288 1011 Ἡρακλέα
2319 921 2409 1009 τῇ
2443 922 2700 1010 λεοντῇ
2735 915 2879 990 αὖ-

648 1019 783 1095 τὸν
835 1014 1305 1093 σκεπάσαντα
1352 1017 1544 1093 κατὰ
1592 1026 1817 1092 τοῦτο
1865 1016 1952 1091 τὸ
1985 1016 2206 1113 μέρος
2239 1013 2704 1093 ἅσκέπαστον
2748 1018 2879 1090 ἐᾶ-

651 1148 778 1196 σαι
841 1118 971 1195 διὰ
1033 1118 1171 1195 τὸν
1229 1119 1574 1247 γωρυτὸν
1639 1119 1729 1195 ὃν
1778 1118 2207 1246 περιέκειτο.
2296 1115 2530 1214 φησὶν
2578 1115 2663 1191 δὲ
2711 1117 2879 1214 περὶ

652 1223 887 1297 αὐτοῦ
926 1217 1293 1317 Αἰσχύλος
1342 1220 1455 1295 ὅτι
1503 1220 1634 1295 καὶ
1681 1218 1768 1294 τὸ
1818 1220 2028 1317 ξίφος
2077 1215 2483 1314 ἐκάμπτετο
2533 1216 2881 1315 ουδαμοῦ

648 1319 1074 1406 ἐνδιδόντος
1133 1330 1270 1397 τοῦ
1330 1322 1619 1419 χρωτὸς
1687 1329 1777 1418 τῇ
1846 1328 2123 1448 σφαγῇ.
2223 1318 2498 1405 τόξον
2559 1319 2677 1403 ὥς
2737 1349 2880 1405 τις

650 1423 1129 1513 ἐντείνων,
1181 1422 1360 1519 πρὶν
1408 1420 1503 1519 δή
1534 1452 1670 1512 τις,
1723 1421 1931 1521 φησί,
1982 1429 2325 1519 παροῦσα
2358 1419 2661 1516 δαίμων
2692 1420 2880 1496 ἔδει-

651 1530 773 1611 ξεν
824 1526 1029 1622 αὐτῷ
1079 1526 1270 1600 κατὰ
1319 1530 1535 1601 ποῖον
1583 1524 1803 1619 μέρος
1851 1523 1971 1599 δεῖ
1998 1521 2434 1621 χρήσασθαι
2464 1530 2555 1618 τῇ
2592 1532 2879 1652 σφαγῇ,

649 1627 693 1703 5
744 1626 827 1703 δὲ
868 1597 1298 1737 Σοφοκλῆς,
1350 1630 1735 1724 ἐριθεῦσαι
1784 1626 1922 1721 μέν
1971 1654 2044 1698 τι
2094 1624 2196 1708 ὥς
2244 1624 2724 1721 πρεσβυτέρῳ
2774 1626 2882 1722 μὴ

649 1722 1088 1827 βουλήθείς,
1159 1729 1251 1802 οὐ
1300 1728 1452 1823 μὴν
1501 1733 1943 1854 παραλιπεῖν
1993 1726 2178 1801 αὐτὸ
2230 1722 2684 1816 δοκιμάζων,
2747 1747 2884 1824 apt-

652 1839 798 1914 λῶς
846 1828 1050 1956 φησὶ
1079 1828 1488 1926 πλευρὰν
1539 1826 2172 1925 διαρῥήξαντα
2223 1826 2460 1925 τῷδε
2513 1826 2883 1930 φασγά-

652 1959 819 2028 νῳ,
870 1929 1061 2006 κατὰ
1110 1929 1185 2004 τί
1235 1929 1316 2005 δὲ
1366 1930 1504 2027 τὴν
1547 1930 1875 2027 πλευρὰν
1914 1929 2019 2026 μὴ
2054 1926 2305 2004 εἰπών.
2403 1929 2521 2002 Ex
2548 1930 2653 2002 his
2681 1931 2883 2004 scho-

524 2059 529 2063 ·
653 2035 890 2106 liastae
942 2033 1160 2105 verbis
1212 2034 1355 2105 Th.
1386 2030 1772 2107 Gatakerus
1821 2034 1890 2104 iu
1939 2033 2117 2104 Adv.
2144 2032 2352 2106 Misc.
2401 2055 2473 2129 p.
2509 2034 2689 2107 530.
2737 2035 2884 2105 Ae-

654 2136 946 2231 schylum
998 2133 1308 2227 fabulam,
1361 2136 1471 2209 cui
1517 2137 1698 2206 Aiax
1748 2159 1986 2207 nomeu
2035 2135 2310 2227 fuisset,
2361 2134 2602 2206 fecisse
2651 2135 2884 2208 conie-

656 2246 866 2312 cerat.
965 2235 1222 2309 Latere
1272 2237 1577 2311 videntur
1626 2237 1789 2309 talia
1837 2236 1979 2308 sefe
2029 2244 2268 2334 poetae
2316 2236 2555 2308 verba.

905 2386 1218 2486 ε’καμψε,
1268 2372 1488 2472 τόξον
1536 2385 1639 2470 ὥς
1686 2415 1797 2470 τις
1843 2383 2214 2475 ἐντείνων,
2267 2383 2501 2484 ξίφος,

907 2487 1087 2584 πρὶν
1136 2487 1231 2585 δὴ
1282 2497 1625 2587 παροῦσα
1675 2484 2064 2587 δαιμόνων
2111 2515 2223 2573 τις
2270 2487 2655 2587 εὖφρονῶς

905 2588 1174 2674 ε’δειξεν
1224 2590 1454 2688 αὐτῷ.

657 2742 723 2814 Ν
725 2766 814 2813 ou
863 2739 1091 2813 dubito
1144 2741 1315 2837 quin
1351 2740 1435 2812 ad
1486 2739 1777 2812 eamdem
1826 2763 1967 2811 rem
2016 2739 2391 2835 pertineant
2437 2741 2665 2834 verba,
2717 2766 2883 2838 quac

658 2846 836 2915 iuter
884 2842 1017 2912 alia
1089 2865 1177 2913 ex
1224 2842 1542 2937 Aeschyli
1605 2841 1971 2937 tragoediis
2042 2841 2354 2939 decerpta
2401 2842 2885 2940 Aristophanes

659 2946 727 3016 iu
778 2943 991 3015 Rauis
1040 2967 1106 3014 v.
1165 2944 1386 3018 1294.
1436 2943 1688 3039 posuit,
1739 2939 1826 3016 τὸ
1878 2941 2256 3044 συγκλινές
2303 2943 2372 3015 τ’
2431 2944 2546 3018 επ’
2586 2948 2884 3034 Αἴαντι,

660 3049 726 3119 iu
780 3046 1014 3142 quibus
1066 3045 1377 3117 omissum
1426 3045 1627 3141 vulgo
1677 3072 1755 3117 τε
1804 3044 2109 3117 Bekkeri
2173 3045 2438 3119 codices
2502 3055 2572 3119 et
2633 3049 2886 3145 primus

663 3147 957 3220 Dobraei
1004 3170 1087 3219 ac
1135 3146 1627 3238 Baroccianus,
1698 3147 2036 3243 primaque
2101 3146 2305 3219 editio
2355 3147 2627 3220 Iuntina
2688 3175 2888 3247 prae-

665 3251 965 3323 buerunt.
1065 3245 1408 3345 Scriptum
1457 3249 1663 3321 fuisse
1715 3248 1916 3321 credo
1967 3248 2143 3345 apud
2191 3248 2594 3345 Aeschylum

1040 3395 1150 3475 τὸ
1201 3397 1581 3501 συγκλινές
1630 3397 1697 3472 τ’
1757 3397 1872 3472 ἐπ’
1929 3402 2201 3473 Αἴαντι
2252 3396 2481 3498 ξίφος.

576 3558 581 3567 “
667 3552 1119 3626 Scholiastes.
1194 3547 1605 3644 Τιμαχίδας
1653 3547 1838 3646 φησὶ
1885 3556 2107 3624 τοῦτο
2158 3552 2242 3624 ἐν
2292 3549 2514 3636 ενίοις
2558 3550 2664 3647 μὴ
2703 3549 2888 3652 γρά-

668 3655 973 3749 φεσθαι.
1061 3648 1546 3734 Ἀπολλώνιος
1596 3651 1686 3727 δέ
1730 3676 1960 3749 φησιν
2008 3654 2088 3725 ἐκ
2144 3656 2505 3748 Θρῃσσιῦν
2553 3654 2743 3728 αὐτὸ
2790 3652 2890 3728 εἶ-

667 3782 816 3827 ναι.
936 3754 1333 3826 Homericus
1396 3755 1577 3825 Aiax
1655 3764 1797 3826 toto
1870 3779 2150 3850 corpore
2223 3757 2651 3828 vulnerabilis
2720 3765 2886 3829 erat.

669 3854 1084 3983 scholiastes
1154 3856 1238 3926 ad
1307 3853 1507 3926 Iliad.
1576 3853 1795 3927 XIV.
1858 3859 2036 3932 404.
2105 3853 2386 3953 τρωτὸς
2447 3855 2531 3931 δε
2596 3855 2637 3931 5
2701 3861 2889 3940 Αἴας

541 3954 846 4043 ,13ολον
894 3954 980 4028 τὸ
1030 3963 1272 4052 σῶμα,
1327 3955 1464 4050 οὐχ
1513 3986 1616 4040 ως
1640 3953 2009 4051 Αἰσχύλος
2054 3956 2148 4030 τὰ
2198 3956 2365 4051 περὶ
2411 3956 2551 4054 τὴν
2598 3954 2890 4053 mxci:-

671 4067 828 4154 λην.
931 4055 1158 4152 δῆλον
1222 4055 1306 4132 δε
1366 4056 1493 4132 καὶ
1555 4086 1638 4132 εκ
1698 4066 1836 4132 τοῦ
1899 4055 2018 4132 ἐπὶ
2086 4056 2506 4158 Πατρόκλῳ
2571 4060 2888 4187 ἀγῶνος.

671 4166 1277 4257 μονομαχοῦντος
1323 4157 1472 4261 γὰρ
1522 4160 1759 4235 αὐτοῦ
1812 4159 1997 4259 πρὸς
2043 4158 2431 4257 Διομήδην
2475 4161 2689 4260 φησί,

924 4308 1050 4385 καὶ
1096 4305 1259 4384 τότε
1312 4307 1406 4408 δή
1454 4311 1522 4408 ῥ’
1580 4302 1852 4388 Α’ίαντι
1899 4309 2486 4412 περιδδείσαντες
2518 4311 2825 4411 ’Λχαιοί
