3192 4992
940 335 1042 398 DE
1085 336 1227 398 014Ὶῖ
1228 336 1377 397 1010
1421 337 1935 433 mTERPRETffi.
2421 341 2546 410 127

324 503 576 575 tionem
637 500 1010 598 negativam
1075 502 1518 576 coniunctum.
1621 502 1723 577 Vt
1776 506 1947 602 apud
1997 497 2394 604 Aeschylum
2442 518 2646 591 est27

326 606 397 677 in
452 602 749 699 Choeph.
802 606 978 679 601.
1044 605 1227 676 ἴστω
1292 602 1365 679 δ’
1440 603 1628 688 ὅςτις
1677 605 1815 700 οὐχ
1862 604 2266 708 ὑπόπτερος
2315 627 2565 710 φρον-’

326 704 543 780 τίσιν.
645 703 743 776 V.
798 705 1094 779 eumdem
1140 706 1209 778 in
1261 705 1491 780 Prom.
1547 710 1721 784 243.
2494 757 2499 762 ·

204 814 210 821 ’
525 805 751 878 Venio
804 806 887 877 ad
939 806 1203 878 tertium
1246 795 1703 904 fragmentum.
1805 807 2107 883 Fuerunt
2136 813 2306 884 enim
2335 812 2550 886 Athe-

296 904 491 988 naeo
559 916 729 980 teste
779 905 845 978 I.
910 932 981 1005 p.
1036 911 1160 982 28.
1227 910 1310 983 ἐν
1374 916 1463 1004 τῇ
1530 913 1631 992 εἰς
1672 908 1968 1009 Ἱέρωνα
2019 914 2357 1009 Πυθικῇ.
2389 913 2548 1012 ᾠδῇ

322 1009 396 1082 hi
443 1033 748 1082 versusz·

579 1156 725 1232 ἀπὸ
783 1156 1158 1258 Ταϋγέτου
1207 1157 1349 1257 μὲν
1396 1156 1796 1238 Λάκαιναν

569 1259 695 1334 ἐπὶ
742 1260 977 1356 θηρσὶ
1022 1256 1216 1335 κύνα
1265 1261 1547 1359 τρέχειν
1595 1258 2112 1340 πυκινώτατον
2156 1261 2496 1366 ἑρπετόν·

580 1357 905 1458 Σκύριαι
957 1355 1033 1435 δ’
1094 1364 1165 1446 ἐς
1216 1363 1517 1457 ἄμελξιν
1562 1361 1928 1467 γάλακτος

579 1461 779 1563 αἶγες
828 1459 1304 1557 ἐξοχώταται·

578 1562 768 1638 ὅπλα
819 1562 895 1640 δ’
967 1564 1098 1639 ἀπ’
1155 1566 1482 1668 Ἄργεος·
1553 1564 1760 1663 ἅρμα
1817 1565 2168 1663 Θηβαίων
2218 1566 2363 1643 ἀπὸ
2410 1577 2550 1672 γᾶς

1453 1707 1466 1722 v
1533 1661 2092 1769 ἄγλαοκοῖρπού·

575 1762 923 1849 Σικελίας
971 1764 1044 1841 δ’
1107 1767 1351 1865 ὄχημα
1399 1765 1798 1846 δαιδάλεον
1845 1767 2212 1868 ματεύειν.

320 1918 513 1993 Nihil
564 1918 647 1990 ad
698 1943 863 2011 rem,
916 1928 1181 1991 rectene
1231 1921 1398 1993 haec
1448 1922 1700 2019 scripta
1751 1923 1884 1995 sint
1934 1948 2016 1996 an
2065 1949 2235 1997 non:
2290 1925 2408 1997 sed
2451 1925 2547 2018 il-

320 2022 438 2093 lud
491 2044 823 2117 quaeram,
877 2044 1066 2117 quam
1118 2023 1245 2093 vim
1298 2023 1463 2095 haec
1514 2024 1597 2094 ad
1649 2024 1977 2097 Boeckhii
2029 2028 2545 2123 argumentatio-

319 2148 472 2196 nem
537 2122 842 2194 habeant.
957 2122 1303 2219 Pythicam
1367 2124 1557 2208 odam
1626 2134 1907 2198 testatur
1969 2126 2351 2211 Athenaeus
2363 2181 2388 2220 ,
2477 2139 2545 2203 et

321 2226 537 2300 mulos
585 2224 855 2308 laudari,
878 2249 1108 2297 versus
1151 2226 1285 2323 ipsi
1311 2226 1591 2322 prodere
1622 2227 1948 2299 videntur.
2049 2227 2245 2301 Nunc
2272 2229 2546 2303 Boeck-

321 2328 511 2418 hius,
580 2325 756 2421 quod
819 2327 886 2397 in
936 2326 1145 2424 priori
1195 2326 1578 2422 ,fragmento
1647 2353 1877 2400 currus
1942 2330 2021 2401 ab
2072 2328 2369 2402 Hierone
2419 2357 2543 2428 pro

322 2429 530 2502 rheda
589 2427 907 2523 postulati
971 2429 1213 2499 mentio
1282 2427 1457 2500 facta
1515 2429 1642 2520 sit,
1724 2429 1976 2525 liquere
2042 2430 2136 2501 ait
2198 2440 2545 2529 utrumque

322 2530 757 2626 fragmentum
810 2528 894 2599 ad
942 2528 1114 2599 idem
1167 2552 1426 2600 carmen
1466 2530 1824 2625 pertinere.
1925 2528 2223 2626 Liquere
2270 2557 2403 2606 non
2439 2534 2547 2605 di-

322 2632 565 2721 xerim,
617 2630 733 2702 sed
783 2639 943 2726 puto
991 2654 1122 2701 non
1165 2630 1594 2727 improbabile
1633 2653 1806 2723 esse,
1860 2656 1990 2703 non
2027 2632 2199 2728 quod
2231 2633 2311 2705 de
2349 2660 2546 2708 curru

322 2758 447 2830 pro
496 2732 701 2804 rheda
750 2732 986 2803 mulari
1035 2732 1370 2827 postulato
1424 2756 1637 2803 sermo
1687 2733 1776 2804 sit
1807 2734 1874 2804 in
1906 2734 2114 2829 priori
2150 2734 2544 2832 fragmento,

326 2834 501 2931 quod
549 2834 645 2905 ita
694 2857 841 2905 esse
893 2857 1104 2928 nego,
1172 2833 1287 2905 sed
1342 2835 1494 2929 quia
1543 2843 1821 2931 utroque
1871 2834 2236 2932 fragmento
2289 2839 2546 2911 laudari

325 2936 668 3025 videntur,
750 2935 862 3031 qui
923 2934 1231 3006 iumentis
1294 2935 1596 3007 vehiculo
1661 2936 1904 3009 iunctis
1969 2937 2284 3033 gaudent.
2400 2938 2547 3014 Sed

328 3039 481 3135 quid
547 3047 685 3107 tum
747 3029 1005 3132 porro?
1104 3034 1304 3108 Patet
1360 3037 1931 3109 ratiocinationem
1983 3038 2312 3112 Boeckhii
2373 3042 2548 3116 hano

326 3164 510 3211 esse:
580 3138 731 3235 quia
783 3138 1047 3209 tertium
1098 3136 1532 3233 fragmentum
1582 3146 1765 3211 certo
1819 3148 1923 3211 est
1974 3140 2279 3212 carminis
2328 3142 2396 3214 in
2439 3143 2545 3214 vi-

326 3242 600 3313 ctoriam
639 3238 957 3311 Hieronis
985 3235 1331 3332 Pythicam
1380 3239 1650 3334 scripti3
1704 3241 2059 3313 secundum
2108 3241 2545 3338 fragmentum

325 3351 543 3415 autem
594 3366 682 3412 ex
732 3340 987 3431 eodem,
1026 3349 1130 3411 'cx
1180 3363 1308 3436 quo
1360 3340 1650 3433 tertium,
1705 3342 1989 3414 carmine
2035 3353 2359 3439 sumptum
2393 3368 2542 3418 esse

322 3444 571 3540 liquet3
653 3442 934 3538 primum
998 3465 1156 3515 vero
1219 3441 1648 3538 fragmentum
1718 3443 1859 3516 sine
1926 3444 2121 3516 dubio
2174 3469 2261 3516 ex
2311 3445 2544 3521 eodem

326 3545 611 3617 carmine
666 3553 791 3633 est,
845 3567 932 3615 ex
983 3568 1110 3639 quo
1163 3543 1562 3624 secundum:
1618 3544 2058 3640 hyporchema
2105 3546 2299 3637 illud,
2354 3549 2543 3621 cuius

322 3647 583 3720 initium
635 3653 739 3717 est
785 3646 1062 3741 primum
1124 3645 1595 3741 fragmentum,
1663 3646 1836 3718 idem
1903 3670 2162 3720 carmen
2227 3656 2331 3720 est
2389 3658 2542 3723 'cum

327 3748 456 3820 oda
502 3748 635 3819 ista
684 3746 989 3841 Pythica.
1089 3746 1310 3817 Huius
1373 3746 1896 3821 ratiocinationis
1945 3748 2076 3821 iam
2124 3749 2337 3845 prima
2384 3773 2542 3847 pars

325 3850 620 3939 vacillat,
674 3849 851 3943 quia,
906 3847 1079 3943 quod
1128 3849 1380 3944 liquere
1416 3846 1577 3920 dicit
1606 3847 2014 3941 Boeckhius,
2064 3851 2232 3923 nihil
2265 3860 2368 3926 est
2412 3853 2544 3926 nisi

327 3951 471 4022 veri
535 3951 749 4022 simile
815 3973 1000 4022 esse:
1083 3949 1259 4045 quod
1323 3956 1536 4020 autem
1587 3951 1729 4022 veri
1780 3950 1993 4023 simile
2044 3960 2184 4044 est,
2253 3977 2389 4027 nan
2439 3966 2544 4034 est

329 4052 639 4124 continuo
689 4075 952 4124 verum:
1003 4075 1277 4148 prorsus
1330 4059 1545 4122 autem
1587 4052 1837 4130 corruit
1877 4053 2087 4125 altera
2126 4067 2308 4152 pars,
2362 4056 2540 4152 quia,

332 4152 505 4249 quod
555 4153 696 4225 sine
748 4152 944 4226 dubio
997 4154 1396 4225 asseveravit
1436 4151 1846 4246 Boeckhius,
1896 4156 2146 4228 nullum
2193 4159 2419 4254 plane,
2468 4168 2545 4231 ut

330 4254 759 4347 ostendimus,
809 4254 1006 4327 habet
1053 4254 1565 4328 fundamentum.
1665 4253 1783 4329 Ex
1831 4256 1943 4330 his·
1975 4259 2415 4355 consequitur,
2468 4269 2545 4332 ut

183 4451 188 4466 ἱ
327 4357 495 4430 nihil
544 4380 815 4474 usquam
867 4356 982 4449 sit,
1036 4380 1164 4454 quo
1195 4357 1661 4455 hypotehema,
1716 4357 1891 4455 quod
1929 4359 2313 4435 memoravit
2343 4361 2545 4438 scho-
