3192 4992
632 343 771 419 Μ
1182 346 1287 407 ΠΕ
1328 344 1820 407 ammonem
1865 344 2323 407 ammon.

638 515 713 589 in
761 510 1266 613 hippodromum
1314 518 1734 610 spectarent,
1803 511 1926 585 sed
1986 512 2201 609 magis
2248 513 2460 585 etiam
2497 509 2877 610 obliqfflos

640 642 727 690 eo
774 615 975 688 modo
1024 614 1544 705 constituerunt,
1609 622 1687 686 ut
1747 613 1972 686 dextri
2031 613 2325 711 paullum
2376 612 2464 685 ad
2509 615 2874 709 sinistram,

640 718 898 793 sinistri
946 715 1033 788 ad
1082 715 1385 797 dextram
1433 723 1810 812 vergerent,
1859 716 2206 812 lineaeque
2224 739 2342 809 *ex
2391 715 2676 812 singulis
2719 742 2876 790 ear·-

644 819 935 893 ceribus·
972 842 1055 891 ea
1115 816 1483 890 directione
1532 817 1770 890 ductae
1834 841 2060 889 omnes
2110 840 2241 891 nno
2291 817 2363 889 in
2412 825 2659 914 puncto
2708 844 2876 891 con-

592 915 947 994 Svenirent
961 971 986 1011 ,
1040 918 1218 1016 quod
1264 927 1517 992 tantum
1567 918 1712 991 fere
1762 918 1843 990 ab
1893 927 2116 991 rostro
2132 970 2157 1010 ,
2226 926 2541 1015 quantum
2586 928 2874 994 rostrum

640 1046 688 1096 a
735 1023 881 1095 basi
930 1021 1137 1094 totins
1188 1020 1443 1118 oppidi,
1494 1021 1760 1117 porticu
1789 1020 2112 1118 Agnapti,
2163 1019 2444 1111 distans,
2495 1046 2631 1097 uon
2669 1022 2872 1119 longe

640 1123 727 1196 ab
780 1124 1019 1196 dextra
1082 1123 1332 1220 primae
1387 1132 1606 1196 metae
1665 1122 1996 1213 fixerunt,
2066 1130 2512 1218 vocaruntque
2560 1132 2873 1218 punctum

538 1296 541 1297 γ
638 1226 965 1298 normale.
1062 1222 1246 1301 Illud
1310 1232 1626 1321 punctum
1685 1224 1986 1297 omnibns
2033 1224 2218 1296 aiunt
2265 1224 2702 1321 agitatoribus
2750 1217 2874 1321 pe-

640 1326 911 1400 tendum
959 1325 1196 1399 faisse.
1293 1324 1404 1398 Ita
1469 1325 1734 1422 quidem
1796 1324 2032 1398 credas
2079 1325 2304 1399 statim
2357 1325 2428 1397 in
2476 1325 2628 1422 ipso
2678 1326 2873 1400 initio

640 1427 1023 1500 certaminis
1072 1426 1485 1501 trudentibns
1535 1451 1685 1515 sese
1736 1428 1927 1524 equis
1977 1426 2254 1500 collisos
2292 1426 2672 1523 fractosque
2716 1451 2878 1500 enr-

640 1553 785 1620 ruS,
837 1553 1158 1605 excussos
1208 1529 1501 1625 aurigas,
1553 1529 1836 1626 denique
1884 1528 2095 1600 ruinis
2142 1529 2486 1625 impletum
2533 1553 2684 1601 esse
2716 1530 2878 1626 hip-

639 1630 1057 1728 podromum.
1157 1628 1472 1705 Sensisse
1520 1630 1590 1702 id
1641 1631 1901 1704 videtur
1948 1629 2453 1727 Ratbgeberus,
2523 1630 2643 1702 sed
2694 1631 2876 1728 quod

639 1734 704 1804 is
751 1756 825 1828 p.
880 1736 1055 1807 127.
1116 1731 1476 1829 remedium
1540 1733 1647 1804 his
1697 1732 1908 1817 turbis
1961 1732 2408 1829 excogitavit,
2475 1756 2712 1805 vereor
2758 1757 2873 1825 ne,
2943 1794 2950 1799 .

638 1833 704 1905 si
750 1836 824 1905 in
874 1857 1073 1906 curru
1121 1841 1331 1906 staret
1379 1834 1796 1930 habenasque
1846 1842 2142 1924 teneret,
2199 1833 2373 1905 haud
2422 1834 2649 1931 paullo
2700 1835 2877 1907 faei-

636 1933 772 2007 lius
823 1935 1076 2007 calamo
1126 1936 1315 2031 pingi
1360 1935 1431 2007 in
1484 1935 1739 2026 charta,
1799 1959 1990 2031 quam
2041 1937 2347 2008 effectum
2396 1935 2542 2007 dari
2590 1936 2661 2008 in
2715 1961 2877 2008 cnr·-

632 2035 854 2109 riculo
917 2034 1284 2109 furentibus
1348 2037 1536 2133 equis
1597 2037 2034 2133 intelligeret.
2151 2036 2361 2110 Putat
2419 2037 2597 2109 enim
2659 2046 2874 2110 artem

637 2137 912 2234 aurigae
960 2137 1031 2210 in
1080 2163 1163 2210 eo
1213 2139 1498 2235 positam
1545 2137 1780 2231 fuisse,
1833 2147 1908 2211 ut
1954 2163 2087 2211 non
2136 2160 2261 2231 per
2298 2139 2518 2236 ipsum
2555 2147 2872 2235 punctum

635 2239 934 2310 normale
982 2240 1321 2333 transiret,
1374 2240 1494 2311 sed
1545 2240 2094 2341 quamproxime
2144 2248 2401 2313 teneret
2439 2264 2683 2337 equos=
2735 2242 2873 2313 ita-

636 2362 767 2435 que
818 2349 1184 2415 extremum
1232 2343 1303 2415 in
1355 2343 1592 2415 dextra
1643 2343 1751 2414 ala
1801 2342 2192 2437 agitatorem
2222 2343 2446 2414 locum
2475 2351 2707 2439 petere
2741 2343 2872 2413 mi·-

633 2442 815 2513 nimo
868 2442 1219 2516 distantem
1280 2468 1323 2515 a
1383 2453 1630 2541 puncto
1682 2444 1998 2531 normali3
2071 2444 2185 2540 qui
2234 2453 2451 2516 autem
2499 2444 2655 2516 huic
2704 2469 2872 2540 pro-

635 2542 856 2614 ximus
906 2543 1023 2631 sit,
1070 2568 1307 2617 curare
1357 2555 1449 2618 ut.
1471 2545 1739 2618 minimo
1779 2545 2131 2617 intervallo
2153 2544 2249 2628 *ad
2277 2546 2532 2617 laevam
2565 2570 2609 2616 a
2641 2546 2869 2643 priore

633 2643 758 2717 illo
811 2645 1138 2740 agitatore
1190 2671 1397 2742 equos
1447 2655 1631 2741 agat,
1682 2646 2043 2742 eodemque
2091 2646 2286 2719 modo
2337 2646 2651 2743 deinceps
2702 2648 2868 2719 reli·-

638 2768 834 2837 quos.
933 2745 1125 2817 Haec
1173 2770 1298 2842 per
1336 2772 1409 2820 se
1444 2749 1542 2818 ita
1575 2757 1955 2843 comparata
1982 2756 2162 2839 sunt,
2211 2756 2288 2820 ut
2328 2748 2477 2820 fieri
2511 2756 2864 2844 nequeant.

616 2841 809 2945 'Nam
830 2902 839 2909 .
857 2845 919 2916 si
968 2854 1304 2919 extremus
1355 2848 1634 2919 dextrae
1683 2849 1830 2921 alae
1880 2849 2170 2943 agitator
2218 2850 2482 2922 minimo
2512 2849 2862 2924 distantem

633 2969 677 3016 a
726 2954 971 3042 puncto
1021 2948 1301 3029 normali
1349 2950 1568 3022 locum
1620 2950 2008 3046 occupabit,
2073 2951 2397 3047 quomodo
2445 2950 2615 3023 illud
2664 2953 2865 3024 mini-

631 3070 809 3118 mum
860 3049 1058 3120 etiam
1108 3074 1256 3122 eum
1308 3052 1419 3147 qui
1471 3052 1627 3124 huic
1675 3052 2018 3148 proximus
2068 3061 2198 3144 est,
2249 3076 2461 3148 neque
2495 3053 2671 3126 hune
2711 3062 2863 3126 tan·

632 3155 813 3239 tum,
883 3150 1002 3222 sed
1066 3152 1363 3247 reliquos
1426 3178 1654 3226 omnes
1714 3154 1898 3225 illins
1962 3156 2109 3226 alae
2174 3155 2536 3251 agitatores
2586 3147 2863 3252 capiet?

630 3248 939 3323 Debebat
988 3276 1151 3348 ergo
1192 3255 1304 3326 sic
1353 3256 1575 3351 potius
1628 3254 1875 3346 dicere,
1926 3257 2300 3352 proximum
2325 3255 2408 3327 ab
2436 3264 2655 3328 restro
2689 3256 2864 3329 dex-

630 3360 779 3424 trae
827 3353 975 3424 alae
1022 3357 1415 3450 agitatorem
1464 3357 1733 3428 minimo
1773 3358 2126 3429 intervallo
2177 3356 2260 3428 ad
2289 3358 2588 3429 dextram
2620 3381 2660 3429 a
2686 3383 2862 3455 pnn-

631 3461 743 3525 cto
793 3456 1074 3529 normali
1124 3480 1324 3553 agere
1376 3483 1582 3554 equos
1634 3456 1914 3549 debere,
1971 3467 2120 3530 'tum
2184 3459 2341 3532 huic
2406 3458 2492 3530 ad
2556 3458 2860 3541 dextram

630 3577 823 3648 quam
873 3557 1177 3652 proxime
1229 3561 1534 3650 alterum,
1587 3567 1656 3632 et
1685 3561 1787 3632 sic
1823 3584 2048 3632 omnes
2089 3584 2298 3657 usqne
2338 3560 2418 3632 ad
2464 3569 2858 3634 extrenum.

631 3654 810 3745 Quid
865 3682 1018 3730 vero
1067 3659 1198 3732 hoc
1246 3661 1425 3732 aliud
1477 3668 1606 3750 est,
1652 3685 1842 3757 quam
1884 3662 2364 3753 condensandis
2396 3662 2704 3736 curribus
2735 3687 2860 3736 aa·

628 3779 792 3851 gere
839 3760 1206 3855 periculum
1258 3756 1669 3835 collidendi?
1767 3760 1952 3854 Sed,
2029 3763 2204 3859 quod
2268 3763 2463 3836 modo
2515 3764 2855 3861 signifiea-

627 3856 803 3948 bam,
854 3861 1335 3955 patientissima
1366 3864 1597 3937 talium
1624 3865 2035 3937 inventorum
2080 3865 2309 3939 charta
2344 3873 2473 3956 est,
2523 3891 2658 3959 uon
2696 3867 2855 3939 item
2951 3908 2961 3921 ·

628 3982 904 4037 cursura
952 3961 1023 4033 in
1072 3965 1535 4062 hippodromo.
1638 3967 1902 4057 Quaero
1950 3967 2066 4038 ubi
2106 3967 2222 4059 sit,
2275 3966 2450 4063 quod
2479 3993 2705 4040 omnes
2735 3991 2857 4041 an·

628 4062 833 4159 rigas
877 4072 1106 4158 petere
1171 4076 1476 4162 oporteat
1529 4076 1848 4165 ,punctam
1898 4067 2220 4141 normale.
2318 4067 2661 4166 Nusquam
2706 4079 2851 4143 est:

537 4190 543 4196 ·
626 4185 783 4235 nam
826 4186 1042 4260 neque
1089 4168 1393 4241 columna
1431 4169 1686 4266 signari
1725 4179 1985 4267 potest=
2036 4170 2455 4244 illiderentur
2488 4171 2663 4243 enim
2698 4196 2857 4244 cnr-

627 4288 782 4338 rnsz
849 4289 1065 4364 neque
1130 4270 1264 4342 alio
1327 4272 1559 4368 signo:
1613 4272 2030 4346 obrueretur
2077 4274 2251 4346 enim
2313 4296 2518 4345 arena
2579 4283 2649 4346 et
2697 4275 2853 4371 pnl-

629 4389 811 4439 vere.
909 4366 1133 4466 Igiur
1192 4372 1359 4468 ipsis
1426 4374 1730 4459 relictum
1794 4383 1899 4448 est
1959 4375 2251 4472 aurigis,
2320 4383 2397 4448 ut
2455 4376 2673 4450 oeulis
2722 4375 2849 4449 siis
