3192 4992
487 375 494 392 ⁸
653 351 781 434 ue
907 463 914 470 ι
1259 337 2256 430 ncommommrmis.

651 554 856 628 aegre
905 551 1226 604 careum.
1322 527 1576 604 Putant
1620 534 1843 602 autem
1891 526 2191 632 quidam,
2230 548 2365 624 quo
2410 521 2675 624 pledus
2706 523 2867 596 ‘on-

552 670 559 681 ·
651 634 765 709 nia
776 683 802 724 ,
865 631 1255 728 praesertim
1300 631 1371 706 in
1419 631 1619 704 rebus
1668 630 2031 721 historicis,
2080 629 2360 702 afferant
2402 635 2602 723 atque
2650 648 2868 722 expo-5

652 740 848 823 aaut,
915 756 996 808 eo
1060 755 1135 808 se
1196 733 1409 830 magis
1472 732 1699 806 officio
1765 731 2150 808 satisfacere
2210 726 2621 825 interpretis.
2733 725 2869 818 Qui

650 836 875 932 gravis
925 857 1115 908 error
1164 842 1291 908 est.
1389 832 1713 930 Nimirum
1764 833 2074 930 quoniam
2122 831 2328 904 multa
2356 829 2431 904 in
2460 828 2582 901 ino
2622 850 2866 925 genere

650 943 720 1010 et
767 934 1215 1032 conquirenda
1259 943 1330 1008 et
1379 934 1810 1032 expendenda
1858 940 2050 1025 sunt,
2112 933 2494 1031 priusquam
2541 930 2701 1028 quid
2749 954 2870 1003 ve-

648 1062 795 1110 rum
845 1037 934 1109 sit
984 1036 1446 1133 perspiciatur,
1495 1036 1825 1133 perditum
1875 1056 2023 1108 esse
2075 1059 2221 1106 eum
2259 1034 2555 1106 laborem
2589 1030 2868 1131 opinan-

647 1150 783 1230 tur,
831 1138 966 1242 nisi
1015 1138 1147 1212 ista
1197 1138 1413 1213 omnia
1461 1138 1662 1210 etiam
1710 1162 1858 1211 cum
1906 1136 2314 1209 auditoribus
2366 1135 2475 1206 vel
2507 1134 2889 1206 lectoribus·

649 1238 1147 1318 esmmunicent.
1247 1237 1344 1312 At
1393 1261 1473 1312 ea
1521 1245 1637 1319 aut
1684 1262 1854 1311 vana
1904 1238 2257 1312 ostentatio
2308 1244 2422 1309 aut
2473 1235 2679 1308 stulta
2708 1258 2871 1332 gar·-

646 1342 883 1416 rulitas
933 1347 1062 1414 est.
1164 1338 1341 1432 Quid
1388 1340 1665 1438 prodest
1712 1340 1887 1413 enim
1935 1362 2341 1430 enumerare,
2391 1360 2560 1434 quae
2610 1345 2685 1409 tu
2718 1335 2870 1433 qui-

648 1441 797 1515 dem
859 1441 1310 1539 pervestigare
1362 1441 1708 1533 debueris,
1782 1440 1900 1515 sed
1968 1441 2416 1539 pervestigata
2476 1437 2869 1536 cogneveris

575 1589 606 1602 ν-
647 1542 734 1620 ad
780 1544 1196 1646 propositum
1243 1543 1506 1618 inutilia
1555 1568 1703 1618 esse
1725 1537 1763 1615 P

849 1642 1214 1717 Difficilius
1267 1653 1370 1718 est
1418 1646 1678 1718 tertium
1696 1697 1722 1738 ,
1775 1642 1951 1741 quod
1998 1642 2232 1740 posui,
2298 1649 2376 1714 ut
2421 1647 2606 1715 reete
2657 1664 2895 1738 expo-.

646 1752 924 1837 uantur,
992 1769 1159 1844 quae
1220 1754 1482 1843 promat
1539 1748 1898 1844 interpres.
2010 1743 2144 1820 Est
2206 1752 2425 1818 autem
2472 1750 2656 1817 recte
2705 1743 2871 1816 nihil

647 1847 826 1922 aliud
880 1871 1072 1945 quam
1112 1846 1451 1942 distincte,
1504 1848 1828 1940 ordinate,
1880 1845 2299 1944 simpliciter,
2348 1852 2531 1946 apte.
2629 1842 2871 1918 Diem

648 1948 732 2021 de
781 1948 1092 2042 siugulis.
2276 1995 2281 1998 -

847 2048 1289 2124 Verissimum
1340 2056 1443 2123 est
1458 2101 1483 2141 ,
1552 2049 1728 2146 quod
1778 2048 1911 2124 dici
1959 2050 2158 2141 solet,
2209 2047 2375 2121 bene
2422 2046 2706 2140 docere,
2758 2046 2874 2145 qui

645 2152 813 2225 bene
864 2151 1253 2249 distinguat.
1370 2149 1864 2249 Distinguendo
1916 2152 2090 2224 enim
2141 2158 2411 2223 cavetur
2459 2173 2544 2222 ne
2593 2148 2873 2224 coufun-

647 2252 886 2328 dantur
933 2253 1577 2352 permisceanturque
1631 2253 1928 2327 diversaz
2002 2253 2117 2348 qui
2166 2252 2530 2324 uberrimus
2567 2250 2717 2324 fons
2766 2259 2873 2324 est

547 2421 554 2428 .
648 2355 922 2428 erroris.
1024 2351 1243 2429 Simul
1307 2363 1525 2427 autem
1590 2355 1790 2428 etiam
1854 2353 2161 2430 brevitati
2225 2353 2633 2446 consulitur,
2703 2376 2871 2449 quae

644 2456 1000 2554 plurimum
1070 2456 1327 2530 confert
1392 2456 1475 2529 ad
1544 2457 2113 2555 perspicuitatem.
2231 2452 2628 2551 Segregatis
2699 2455 2872 2527 euim

647 2558 883 2630 alienis
916 2556 1084 2629 illud
1112 2558 1354 2653 ipsum,
1409 2558 1583 2653 qued
1620 2558 1964 2632 dicendum
1996 2567 2125 2650 est,
2175 2557 2595 2653 relinquitur.
2692 2555 2877 2653 Hinc

647 2657 983 2749 videmus,
1063 2658 1177 2752 qui
1224 2658 1477 2753 prolixi
1527 2667 1720 2748 suut,
1783 2658 1926 2734 sere
1978 2660 2295 2732 obscuros
2345 2682 2537 2751 esse,
2601 2658 2757 2755 quia
2802 2656 2874 2728 id

651 2782 781 2855 quo
834 2781 999 2854 opus
1052 2761 1340 2830 estnon
1390 2756 1881 2850 discernentes,
1953 2784 2034 2833 ea
2084 2760 2318 2856 quibus
2365 2785 2502 2833 non
2551 2783 2720 2857 opus
2770 2768 2875 2830 est
2984 2855 2988 2860 ᾗ

651 2857 1054 2949 admiscent,
1133 2881 1344 2954 eoque
1405 2857 1658 2932 faciunt
1731 2867 1808 2932 ut
1870 2884 1996 2934 uec
2055 2884 2292 2958 purum
2353 2869 2647 2958 emergat
2706 2858 2876 2934 iuud

652 2958 829 3057 quod
876 2958 1282 3032 afferendum
1328 2967 1497 3052 erat,
1549 2967 1620 3033 et
1670 2960 2015 3036 delitescat
2065 2962 2483 3037 obscuratum
2515 2963 2690 3037 inter
2718 2986 2877 3037 cae-

651 3070 821 3134 tera.
921 3057 1141 3133 Simul
1193 3067 1411 3135 autem
1459 3062 1643 3134 aliud
1689 3063 1985 3137 nascitur
2033 3064 2205 3138 male
2254 3063 2718 3161 distinguendo
2770 3063 2877 3136 vi-

650 3162 841 3238 tium.
942 3158 1118 3235 Nam
1178 3186 1313 3237 non
1375 3170 1599 3259 potest
1660 3172 1843 3240 recte
1907 3166 2080 3238 ratio
2144 3166 2452 3240 concludi
2511 3166 2645 3240 nisi
2709 3166 2875 3239 bene

653 3263 984 3338 distinctis
1037 3262 1453 3360 definitisque
1503 3290 1725 3340 rerum
1771 3267 2176 3340 notionibus.
2274 3267 2487 3363 Atqui
2518 3265 2677 3365 quid
2717 3276 2876 3365 pot·-

652 3373 757 3439 est
805 3365 1094 3462 ineptius
1146 3363 1258 3438 aut
1312 3366 1538 3440 vanius
1589 3391 1737 3441 esse
1752 3419 1780 3460 ,
1859 3393 2052 3465 quam
2113 3367 2552 3442 exaedificare
2601 3367 2891 3443 demon-

653 3466 1035 3559 stratio-es,
1089 3491 1256 3563 quae
1308 3476 1490 3540 totae
1541 3476 1877 3561 corruant,
1929 3469 2205 3546 simulac
2251 3478 2447 3568 putre
2484 3469 2881 3544 fundamen-

655 3575 796 3642 tum
843 3562 1203 3664 attigeris?
1279 3567 1446 3643 ¹Sed
1493 3570 1813 3644 tenendus
1854 3572 1925 3644 in
1956 3571 2417 3668 distinguendo
2450 3572 2713 3663 modus,
2763 3571 2895 3669 qui.

541 3677 552 3695 ⁴
655 3668 869 3742 iustus
921 3669 1034 3741 sit.
1136 3659 1311 3744 Sunt
1356 3670 1528 3743 euim
1557 3672 1819 3767 quidam
1849 3673 1946 3745 ita
1979 3673 2061 3744 ad
2097 3672 2622 3771 distinguendum
2652 3673 2877 3770 proni,

653 3777 729 3843 ut
777 3770 971 3842 finem
1021 3770 1317 3843 invenire
1370 3781 1720 3869 nequeant.
1819 3775 1916 3847 At
1962 3774 2033 3845 id
2083 3782 2187 3847 est
2222 3777 2392 3847 male
2426 3774 2881 3871 distingueret.

653 3896 787 3946 nou
836 3870 1244 3967 distinguunt
1293 3873 1466 3946 enim
1512 3875 1953 3952 necessariam
2003 3883 2072 3949 et
2118 3877 2351 3951 utilem
2386 3876 2878 3952 distinctionem

655 3972 736 4048 ab
789 3995 1274 4067 supervacanea
1324 3983 1392 4047 et
1439 3975 1686 4048 inutili.
2654 3989 2659 3998 “

856 4071 1120 4146 Deinde
1170 4074 1526 4148 curandum
1574 4084 1718 4170 est,
1773 4084 1850 4149 ut
1899 4077 2130 4150 ordine
2177 4078 2634 4178 proferantur,
2684 4025 2876 4176 ‘quae
3026 4105 3038 4118 “

654 4173 933 4248 dicenda
982 4183 1161 4268 sunt,
1213 4178 1604 4274 praesertim
1653 4179 1715 4251 si
1761 4179 2029 4277 longior
2077 4188 2180 4253 est
2229 4189 2425 4279 atque
2474 4179 2879 4280 implicatior
2946 4264 2951 4270 ,

655 4274 1043 4375 disputatio.
1141 4274 1314 4351 Nam
1364 4277 1591 4353 ordine
1644 4279 1706 4352 si
1755 4303 2079 4378 exponas,
2128 4281 2310 4356 uliud
2350 4306 2438 4357 ex
2475 4282 2610 4357 alio
2638 4288 2876 4380 sponte

653 4385 993 4477 patescet,
1057 4403 1271 4477 neque
1337 4405 1503 4479 opus
1553 4382 1682 4455 erit
1712 4383 1845 4457 'aut
1904 4382 2330 4481 interpellare
2391 4407 2759 4496 sermonem
2806 4388 2878 4456 et
2948 4487 2953 4496 .
