3192 4992
705 347 806 407 DE
847 345 1144 408 DUABUS
1186 346 1834 464 INSCRIPTloNums
1876 348 2206 410 GRAECIS.
2445 344 2568 413 177

344 513 661 587 victorem
710 489 1159 611 suspendisse.
1262 512 1649 610 Sequuntur
1681 540 1910 587 rursus
1945 539 2110 611 quae
2148 516 2254 586 vel
2292 514 2569 588 obscura

346 618 455 688 vel
506 616 858 710 depravata
908 624 1061 688 sunt
1119 620 1265 688 TE
1276 618 1706 708 HAPJON,
1734 619 1795 716 ⁷)
1848 619 1917 687 in
1972 617 2204 713 quibus
2244 618 2569 688 nescimus
2634 663 2643 676 =

345 718 745 811 scriptumne
800 718 890 789 sit'
937 745 1015 790 τε
1068 741 1147 788 an
1200 724 1332 812 τῇ,
1355 714 1663 812 πάριον
1713 742 1795 790 an
1847 714 2160 813 παριών.
2263 719 2569 814 Denique

343 822 670 891 NIKEK
704 820 1172 893 ΑΡΙΣΤΟΝ
1227 822 1675 893 OHAJTA:
1706 820 1770 914 ⁸)
1823 821 1995 890 unde
2049 829 2323 915 apparet
2359 810 2618 892 victo—5

343 919 478 990 rias
530 919 736 991 fuisse
803 945 1033 992 cursus
1100 922 1357 992 armati.
1480 918 1667 994 Satis
1721 944 1806 991 ex
1856 921 1961 991 his
2014 935 2414 1017 compertum
2469 931 2573 994 est
2635 931 2642 946 ’

346 1029 793 1117 argumentum
845 1022 1337 1118 inscriptionis,
1411 1031 1485 1094 ut
1550 1021 1779 1095 accedi
1829 1022 1910 1094 ad
1961 1023 2572 1119 interpretationem

343 1129 416 1194 et
466 1124 982 1194 emendationem
1033 1125 1270 1220 possit.

548 1220 671 1296 Sic
721 1214 980 1296 ventum
1036 1234 1137 1297 est
1190 1226 1273 1296 ad
1324 1225 1614 1316 tertium,
1670 1224 1752 1295 de
1805 1250 1932 1321 quo
1976 1224 2416 1321 quaerendum
2456 1225 2569 1316 sit,

343 1325 634 1397 multane
699 1349 780 1396 an
847 1350 1057 1422 pauca
1107 1328 1450 1423 perierint.
1565 1326 2132 1399 Proficiscendum
2189 1350 2341 1397 vero
2394 1350 2573 1398 sem·
2706 1403 2709 1408 ,

345 1450 469 1523 per
519 1427 598 1496 ab
651 1452 756 1518 eo,
815 1427 989 1522 quod
1038 1429 1320 1499 maxime
1373 1428 1660 1525 simplex
1712 1436 1854 1521 est,
1906 1429 2035 1501 hoc
2075 1436 2204 1520 est,
2255 1436 2332 1499 nt
2361 1451 2572 1523 pauca

349 1528 580 1600 deesse
634 1536 975 1624 putemus,
1042 1531 1430 1626 praesertim
1492 1531 1561 1601 in
1616 1531 2122 1625 epigrammate:
2204 1528 2374 1625 quod
2442 1529 2571 1601 hoc

347 1653 557 1725 genus
607 1630 1103 1725 inscriptionum
1157 1631 1296 1702 fere
1350 1632 1802 1703 brevissimum
1850 1640 1976 1703 est.
2077 1633 2184 1703 Ac
2226 1630 2572 1728 manifesta

347 1731 458 1802 hic
509 1738 663 1802 sunt
712 1732 905 1803 trium
958 1733 1238 1829 vestigia
1290 1758 1588 1804 versuum
1643 1733 2099 1823 heroicorum,
2174 1756 2369 1828 quum
2421 1732 2573 1803 aliis

343 1832 634 1950 indiciis,
690 1840 822 1903 tum
878 1834 1164 1905 dissecto
1220 1832 1535 1917 ἀέθλοις.
1641 1833 1833 1906 Haec
1884 1859 2044 1931 ergo
2082 1834 2437 1929 premenda
2472 1841 2577 1904 est

346 1934 478 2024 via,
532 1957 741 2029 neque
784 1935 866 2004 ad
904 1935 1252 2007 multorum
1298 1936 1619 2007 iacturam
1661 1937 2006 2007 verborum
2040 1934 2573 2038 confugiendum,

345 2034 458 2105 ubi
512 2035 622 2105 vix
672 2059 919 2131 paucae
984 2061 1195 2133 neque
1249 2038 1316 2107 in
1369 2039 1656 2109 omnium
1709 2062 2011 2109 versuum
2062 2037 2272 2109 initiis
2326 2044 2393 2108 et
2443 2036 2575 2108 fine

347 2135 577 2208 deesse
629 2137 892 2208 litterae
946 2138 1314 2209 videantur.

543 2237 766 2310 Aliter
828 2239 1040 2309 visum
1105 2249 1205 2310 est
1256 2239 1633 2310 Boeckhio.
1737 2239 1871 2330 Qui
1937 2238 2243 2333 quoniam
2306 2261 2437 2308 non
2492 2261 2574 2309 eo

346 2363 474 2434 quo
541 2338 1023 2435 procedendum
1092 2340 1377 2411 diximus
1431 2340 1659 2410 ordine
1710 2365 1850 2411 rem
1901 2339 2248 2429 tractavit,
2322 2337 2441 2408 sed
2493 2339 2573 2408 ab

205 2445 210 2452 '
344 2440 600 2512 incerto
655 2448 721 2511 et
775 2464 862 2510 ex
911 2464 1092 2511 mera
1152 2441 1531 2511 coniectura
1592 2442 1815 2538 posito
1882 2440 2210 2536 principio
2264 2462 2572 2534 egressus

345 2550 488 2631 est,
557 2542 705 2611 fieri
754 2565 885 2612 non
937 2542 1190 2637 potuit,
1265 2542 1419 2636 quin
1487 2541 1570 2611 ad
1624 2566 1701 2613 ea
1754 2542 2157 2630 deferretur,
2233 2563 2398 2636 quae
2448 2564 2572 2636 pro

342 2645 520 2714 veris
573 2642 801 2714 haberi
849 2667 980 2713 non
1033 2653 1335 2738 possunt.
1436 2641 1607 2714 Nam
1660 2668 1852 2738 quum
1907 2666 2102 2712 versu
2153 2643 2351 2713 tertio
2405 2641 2577 2713 scri-

343 2755 524 2842 ptum
579 2745 832 2815 videret
872 2746 1232 2832 ΕΙΟΠΣ,
1283 2744 1354 2814 id
1405 2745 1661 2839 putavit
1697 2745 2165 2818 ΠΕΛΟΠΣ
2190 2766 2362 2830 esse,
2398 2767 2576 2839 per-

346 2846 483 2917 dita
533 2846 745 2943 prima
794 2845 1019 2916 littera
1071 2855 1138 2918 et
1189 2846 1422 2917 tertiae
1475 2847 1726 2917 lineola
1776 2855 2191 2935 transversa,
2267 2844 2573 2940 quoniam

343 2949 425 3019 A
485 2949 554 3018 in
621 2948 748 3018 hac
797 2947 1229 3043 inscriptione
1283 2947 1594 3019 scribitur
1644 2950 1750 3019 f.
1852 2946 2033 3018 Hinc
2083 2970 2212 3016 non
2249 2945 2571 3016 dubitans

346 3050 502 3145 quin
553 3050 767 3120 victor
814 3048 942 3118 iste
996 3073 1189 3144 quum
1219 3046 1572 3143 Olympiae
1625 3058 1760 3120 tum
1815 3049 1964 3118 aliis
2016 3048 2085 3117 in
2120 3046 2288 3117 locis
2337 3047 2572 3117 vicisse

346 3152 640 3241 dicatur,
714 3151 1020 3246 proxima
1071 3151 1269 3220 verba
1321 3174 1468 3220 esse
1521 3151 1806 3258 coniecit
1854 3152 2008 3229 τοῖς
2059 3145 2132 3219 δ’
2196 3141 2294 3219 αὖ
2347 3145 2574 3228 ὁσίοις

344 3252 428 3325 ἐν
478 3250 820 3332 ἀέθλοις.
910 3306 928 3324 .
994 3249 1154 3345 τρὶς
1214 3246 1508 3347 τετράκι
1570 3276 1687 3338 τε,
1771 3274 2155 3346 comparans
2220 3247 2441 3342 ἱεροῖς
2491 3249 2574 3321 ἐν

342 3351 665 3440 daemoes,
718 3308 891 3448 quod
944 3354 1117 3449 apud
1166 3352 1524 3423 Pindarum
1574 3353 1846 3448 legitur,
1901 3351 2314 3423 HAPION
2354 3357 2572 3421 autem

344 3457 575 3528 volens
604 3450 916 3549 παριών
928 3478 1100 3544 esse,
1156 3454 1328 3550 quod
1374 3453 1782 3549 significaret
1826 3464 2357 3552 supera1etem3
2405 3447 2573 3546 νίκη

342 3580 502 3629 vero
555 3582 677 3653 pro
730 3554 984 3627 Dorico
1049 3556 1436 3651 imperfecto
1489 3554 1777 3645 habens,
1853 3562 1922 3625 et
1972 3554 2250 3648 denique
2315 3554 2387 3623 in
2438 3551 2570 3623 fine

341 3658 614 3755 legens
628 3656 935 3753 ἄριστον
987 3654 1316 3730 ὅπλίταν.
1419 3655 1611 3727 Haec
1672 3656 1770 3727 ita
1835 3679 1981 3727 esse
2034 3665 2218 3725 ratus
2270 3678 2572 3750 magnam

339 3766 597 3856 partem
649 3759 1139 3855 epigrammatis
1195 3758 1613 3830 intercidisse
1667 3757 1987 3846 credidit,
2056 3756 2396 3827 victoriam
2450 3779 2571 3826 au-

342 3869 477 3933 tem
525 3861 752 3952 illam,
827 3861 1002 3956 quod
1066 3885 1295 3932 cursus
1346 3867 1742 3940 armatorum
1805 3859 1876 3930 in
1928 3856 2258 3955 Olympiis
2313 3857 2568 3930 demum
2686 3912 2691 3917 .
2742 3855 2758 3880 ‘

515 4131 575 4215 ⁷)
629 4135 692 4194 In
730 4134 900 4212 lapide
942 4141 995 4193 et
1026 4131 1146 4193 TE
1179 4137 1237 4191 in
1275 4134 1378 4192 fine
1418 4136 1585 4210 quinti
1623 4151 1808 4193 versus
1850 4138 1903 4190 et
1922 4128 2296 4192 HADION
2333 4133 2392 4188 in
2431 4133 2567 4204 prin·

341 4222 476 4299 cipio
521 4225 658 4278 sexti
697 4225 961 4298 perspicue
1002 4223 1266 4295 scriptum.

516 4300 576 4384 ⁸)
631 4304 757 4363 Non
811 4305 978 4363 dubiis
1031 4305 1187 4362 litter
1147 4324 1221 4361 ns
1273 4308 1329 4362 in
1379 4300 1549 4379 lapide
1603 4310 1685 4362 est
1732 4291 2090 4362 NIKEKA
2128 4291 2567 4357 ΒΙΣΤΟΝΟ-

341 4385 671 4461 III-ITA,
712 4398 856 4466 parte
894 4392 1108 4448 ultimae
1147 4390 1346 4448 limfae
1387 4391 1601 4447 amissa.

426 4486 657 4553 Hiran.
699 4483 996 4557 01».V11.
2087 4478 2160 4545 Μ
