<?xml version="1.0" encoding="UTF-8"?>
<!DOCTYPE html PUBLIC "-//W3C//DTD XHTML 1.0 Transitional//EN"
    "http://www.w3.org/TR/xhtml1/DTD/xhtml1-transitional.dtd">
<html xmlns="http://www.w3.org/1999/xhtml" xml:lang="en" lang="en">
 <head>
  <title>
</title>
<meta http-equiv="Content-Type" content="text/html;charset=utf-8" />
  <meta name='ocr-system' content='tesseract 3.04.00' />
  <meta name='ocr-capabilities' content='ocr_page ocr_carea ocr_par ocr_line ocrx_word'/>
</head>
<body>
  <div class='ocr_page' id='page_1' title='image "./godofrediherman00fritgoog_0095.png"; bbox 0 0 3192 4992; ppageno 0'>
   <div class='ocr_carea' id='block_1_1' title="bbox 1104 351 2695 459">
    <p class='ocr_par' dir='ltr' id='par_1_1' title="bbox 1104 351 2695 459">
     <span class='ocr_line' id='line_1_1' title="bbox 1104 351 2695 459; baseline -0.009 -6"><span class='ocrx_word' id='word_1_1' title='bbox 1104 394 1205 453; x_wconf 74' lang='lat' dir='ltr'><strong>nn</strong></span> <span class='ocrx_word' id='word_1_2' title='bbox 1265 351 1800 455; x_wconf 75' lang='grc' dir='ltr'><strong><em>ΥΠοΒοΛΗ1.’</em></strong></span> <span class='ocrx_word' id='word_1_3' title='bbox 2469 387 2557 459; x_wconf 64' lang='lat'><strong>93</strong></span> <span class='ocrx_word' id='word_1_4' title='bbox 2686 429 2695 438; x_wconf 91' lang='lat'><strong>.</strong></span> 
     </span>
    </p>
   </div>
   <div class='ocr_carea' id='block_1_2' title="bbox 194 556 2667 4534">
    <p class='ocr_par' dir='ltr' id='par_1_2' title="bbox 200 556 2667 3090">
     <span class='ocr_line' id='line_1_2' title="bbox 333 556 2560 659; baseline 0.001 -25"><span class='ocrx_word' id='word_1_5' title='bbox 333 558 435 634; x_wconf 76' lang='lat' dir='ltr'><strong>cis</strong></span> <span class='ocrx_word' id='word_1_6' title='bbox 480 557 952 633; x_wconf 84' lang='lat' dir='ltr'><strong>Alexandrinis</strong></span> <span class='ocrx_word' id='word_1_7' title='bbox 1016 583 1230 659; x_wconf 89' lang='lat' dir='ltr'><strong>nuper</strong></span> <span class='ocrx_word' id='word_1_8' title='bbox 1280 558 1459 631; x_wconf 88' lang='lat' dir='ltr'><strong>edito</strong></span> <span class='ocrx_word' id='word_1_9' title='bbox 1524 583 1597 655; x_wconf 90' lang='lat' dir='ltr'><strong>p.</strong></span> <span class='ocrx_word' id='word_1_10' title='bbox 1650 559 1777 634; x_wconf 81' lang='lat'><strong>64.</strong></span> <span class='ocrx_word' id='word_1_11' title='bbox 1843 556 1971 629; x_wconf 90' lang='lat' dir='ltr'><strong>nisi</strong></span> <span class='ocrx_word' id='word_1_12' title='bbox 2025 559 2195 654; x_wconf 91' lang='lat' dir='ltr'><strong>quod</strong></span> <span class='ocrx_word' id='word_1_13' title='bbox 2249 559 2331 632; x_wconf 81' lang='lat' dir='ltr'><strong>de</strong></span> <span class='ocrx_word' id='word_1_14' title='bbox 2382 560 2560 636; x_wconf 86' lang='lat' dir='ltr'><strong>Dio·-</strong></span> 
     </span>
     <span class='ocr_line' id='line_1_3' title="bbox 335 659 2560 759; baseline 0.002 -26"><span class='ocrx_word' id='word_1_15' title='bbox 335 659 523 759; x_wconf 86' lang='lat' dir='ltr'><strong>genis</strong></span> <span class='ocrx_word' id='word_1_16' title='bbox 569 659 837 734; x_wconf 89' lang='lat' dir='ltr'><strong>Laertii</strong></span> <span class='ocrx_word' id='word_1_17' title='bbox 893 663 1109 735; x_wconf 85' lang='lat' dir='ltr'><strong>verbis</strong></span> <span class='ocrx_word' id='word_1_18' title='bbox 1175 686 1313 734; x_wconf 89' lang='lat' dir='ltr'><strong>rem</strong></span> <span class='ocrx_word' id='word_1_19' title='bbox 1371 662 1446 732; x_wconf 90' lang='lat' dir='ltr'><strong>in</strong></span> <span class='ocrx_word' id='word_1_20' title='bbox 1495 659 1813 756; x_wconf 84' lang='lat' dir='ltr'><strong>ambiguo</strong></span> <span class='ocrx_word' id='word_1_21' title='bbox 1855 660 2346 756; x_wconf 79' lang='lat' dir='ltr'><strong>relinquendam</strong></span> <span class='ocrx_word' id='word_1_22' title='bbox 2399 689 2560 737; x_wconf 84' lang='lat' dir='ltr'><strong>cen-</strong></span> 
     </span>
     <span class='ocr_line' id='line_1_4' title="bbox 332 761 2558 859; baseline 0.001 -24"><span class='ocrx_word' id='word_1_23' title='bbox 332 762 489 835; x_wconf 85' lang='lat' dir='ltr'><strong>suit.</strong></span> <span class='ocrx_word' id='word_1_24' title='bbox 551 762 781 855; x_wconf 54' lang='lat' dir='ltr'><strong>(luae</strong></span> <span class='ocrx_word' id='word_1_25' title='bbox 845 764 1053 835; x_wconf 75' lang='lat' dir='ltr'><strong>verba·</strong></span> <span class='ocrx_word' id='word_1_26' title='bbox 1098 764 1225 835; x_wconf 85' lang='lat' dir='ltr'><strong>etsi</strong></span> <span class='ocrx_word' id='word_1_27' title='bbox 1277 787 1403 859; x_wconf 83' lang='lat' dir='ltr'><strong>ego</strong></span> <span class='ocrx_word' id='word_1_28' title='bbox 1458 786 1591 834; x_wconf 92' lang='lat' dir='ltr'><strong>non</strong></span> <span class='ocrx_word' id='word_1_29' title='bbox 1645 761 2030 833; x_wconf 82' lang='lat' dir='ltr'>contendam</span> <span class='ocrx_word' id='word_1_30' title='bbox 2082 763 2154 834; x_wconf 91' lang='lat' dir='ltr'><strong>in</strong></span> <span class='ocrx_word' id='word_1_31' title='bbox 2209 787 2349 835; x_wconf 86' lang='lat' dir='ltr'><strong>eam</strong></span> <span class='ocrx_word' id='word_1_32' title='bbox 2400 790 2558 838; x_wconf 89' lang='lat' dir='ltr'><strong>sen·-</strong></span> 
     </span>
     <span class='ocr_line' id='line_1_5' title="bbox 327 860 2667 962; baseline 0.001 -27"><span class='ocrx_word' id='word_1_33' title='bbox 327 863 601 935; x_wconf 82' lang='lat' dir='ltr'><strong>tentiam</strong></span> <span class='ocrx_word' id='word_1_34' title='bbox 655 863 831 937; x_wconf 87' lang='lat' dir='ltr'><strong>dicta</strong></span> <span class='ocrx_word' id='word_1_35' title='bbox 881 889 1065 957; x_wconf 89' lang='lat' dir='ltr'><strong>esse,</strong></span> <span class='ocrx_word' id='word_1_36' title='bbox 1119 889 1309 961; x_wconf 89' lang='lat' dir='ltr'><strong>quam</strong></span> <span class='ocrx_word' id='word_1_37' title='bbox 1361 863 1621 935; x_wconf 83' lang='lat' dir='ltr'><strong>adiecta</strong></span> <span class='ocrx_word' id='word_1_38' title='bbox 1650 862 1819 959; x_wconf 90' lang='lat' dir='ltr'><strong>apud</strong></span> <span class='ocrx_word' id='word_1_39' title='bbox 1849 860 2221 959; x_wconf 81' lang='lat' dir='ltr'><strong>Diogenem</strong></span> <span class='ocrx_word' id='word_1_40' title='bbox 2259 866 2560 962; x_wconf 71' lang='lat' dir='ltr'><strong>‘explica-</strong></span> <span class='ocrx_word' id='word_1_41' title='bbox 2662 869 2667 878; x_wconf 84' lang='lat'><em>&#39;</em></span> 
     </span>
     <span class='ocr_line' id='line_1_6' title="bbox 326 964 2560 1061; baseline 0.001 -24"><span class='ocrx_word' id='word_1_42' title='bbox 326 965 425 1037; x_wconf 88' lang='lat' dir='ltr'><strong>tio</strong></span> <span class='ocrx_word' id='word_1_43' title='bbox 476 964 755 1057; x_wconf 89' lang='lat' dir='ltr'><strong>indicat,</strong></span> <span class='ocrx_word' id='word_1_44' title='bbox 807 974 1024 1038; x_wconf 87' lang='lat' dir='ltr'><strong>tamen</strong></span> <span class='ocrx_word' id='word_1_45' title='bbox 1075 990 1311 1039; x_wconf 83' lang='lat' dir='ltr'><strong>vereor</strong></span> <span class='ocrx_word' id='word_1_46' title='bbox 1359 988 1441 1036; x_wconf 89' lang='lat' dir='ltr'><strong>ne</strong></span> <span class='ocrx_word' id='word_1_47' title='bbox 1493 966 1668 1036; x_wconf 89' lang='lat' dir='ltr'><strong>iusto</strong></span> <span class='ocrx_word' id='word_1_48' title='bbox 1720 964 1986 1057; x_wconf 77' lang='lat' dir='ltr'><strong>longius</strong></span> <span class='ocrx_word' id='word_1_49' title='bbox 2039 989 2434 1061; x_wconf 84' lang='lat' dir='ltr'><strong>progressus</strong></span> <span class='ocrx_word' id='word_1_50' title='bbox 2472 969 2560 1040; x_wconf 85' lang='lat' dir='ltr'><strong>sit</strong></span> 
     </span>
     <span class='ocr_line' id='line_1_7' title="bbox 326 1063 2562 1165; baseline 0.001 -26"><span class='ocrx_word' id='word_1_51' title='bbox 326 1065 757 1159; x_wconf 83' lang='lat' dir='ltr'><strong>Nitzschius,</strong></span> <span class='ocrx_word' id='word_1_52' title='bbox 832 1093 1027 1163; x_wconf 86' lang='lat' dir='ltr'><strong>quum</strong></span> <span class='ocrx_word' id='word_1_53' title='bbox 1078 1067 1348 1165; x_wconf 78' lang='lat' dir='ltr'><strong>negavit</strong></span> <span class='ocrx_word' id='word_1_54' title='bbox 1412 1067 1491 1149; x_wconf 80' lang='grc' dir='ltr'><strong>ἐξ</strong></span> <span class='ocrx_word' id='word_1_55' title='bbox 1536 1063 1909 1161; x_wconf 82' lang='grc' dir='ltr'><strong><em>ὑποβολῆς</em></strong></span> <span class='ocrx_word' id='word_1_56' title='bbox 1957 1065 2128 1137; x_wconf 87' lang='lat' dir='ltr'><strong>idem</strong></span> <span class='ocrx_word' id='word_1_57' title='bbox 2184 1067 2562 1164; x_wconf 84' lang='lat' dir='ltr'><strong>significare</strong></span> 
     </span>
     <span class='ocr_line' id='line_1_8' title="bbox 322 1162 2560 1265; baseline 0.001 -26"><span class='ocrx_word' id='word_1_58' title='bbox 322 1185 569 1265; x_wconf 87' lang='lat' dir='ltr'><strong>posse,</strong></span> <span class='ocrx_word' id='word_1_59' title='bbox 638 1167 810 1263; x_wconf 91' lang='lat' dir='ltr'><strong>quod</strong></span> <span class='ocrx_word' id='word_1_60' title='bbox 862 1169 1169 1242; x_wconf 84' lang='lat' dir='ltr'><strong>Platonis</strong></span> <span class='ocrx_word' id='word_1_61' title='bbox 1234 1170 1313 1252; x_wconf 78' lang='grc' dir='ltr'><strong>ἐξ</strong></span> <span class='ocrx_word' id='word_1_62' title='bbox 1357 1162 1810 1263; x_wconf 80' lang='grc' dir='ltr'><strong><em>ὑπολήψεως.</em></strong></span> <span class='ocrx_word' id='word_1_63' title='bbox 1916 1166 2321 1263; x_wconf 76' lang='lat' dir='ltr'><strong>Quamquam</strong></span> <span class='ocrx_word' id='word_1_64' title='bbox 2388 1171 2560 1242; x_wconf 88' lang='lat' dir='ltr'><strong>enim</strong></span> 
     </span>
     <span class='ocr_line' id='line_1_9' title="bbox 324 1262 2561 1367; baseline 0.001 -27"><span class='ocrx_word' id='word_1_65' title='bbox 324 1270 823 1342; x_wconf 89' lang='lat' dir='ltr'><strong>accuratissime</strong></span> <span class='ocrx_word' id='word_1_66' title='bbox 877 1270 1102 1343; x_wconf 90' lang='lat' dir='ltr'><strong>docuit</strong></span> <span class='ocrx_word' id='word_1_67' title='bbox 1139 1270 1300 1367; x_wconf 86' lang='lat' dir='ltr'><strong>quid</strong></span> <span class='ocrx_word' id='word_1_68' title='bbox 1330 1278 1510 1340; x_wconf 83' lang='lat' dir='ltr'><strong>esset</strong></span> <span class='ocrx_word' id='word_1_69' title='bbox 1539 1262 1910 1364; x_wconf 65' lang='grc' dir='ltr'><strong><em>ὑποβολή,</em></strong></span> <span class='ocrx_word' id='word_1_70' title='bbox 1956 1276 2198 1360; x_wconf 83' lang='lat' dir='ltr'><strong>tamen,</strong></span> <span class='ocrx_word' id='word_1_71' title='bbox 2253 1272 2561 1366; x_wconf 81' lang='lat' dir='ltr'><strong>quoniam</strong></span> 
     </span>
     <span class='ocr_line' id='line_1_10' title="bbox 320 1365 2559 1469; baseline 0 -25"><span class='ocrx_word' id='word_1_72' title='bbox 320 1365 778 1468; x_wconf 75' lang='grc' dir='ltr'><em>ὑποβάλλειν</em></span> <span class='ocrx_word' id='word_1_73' title='bbox 814 1379 918 1444; x_wconf 91' lang='lat' dir='ltr'><strong>est</strong></span> <span class='ocrx_word' id='word_1_74' title='bbox 944 1369 1343 1460; x_wconf 69' lang='lat' dir='ltr'><strong>subiicere,</strong></span> <span class='ocrx_word' id='word_1_75' title='bbox 1394 1385 1856 1469; x_wconf 68' lang='lat' dir='ltr'><strong>supponere,</strong></span> <span class='ocrx_word' id='word_1_76' title='bbox 1893 1366 2375 1460; x_wconf 66' lang='lat' dir='ltr'><strong>mabstiruere,</strong></span> <span class='ocrx_word' id='word_1_77' title='bbox 2428 1395 2559 1446; x_wconf 90' lang='lat' dir='ltr'><strong>non</strong></span> 
     </span>
     <span class='ocr_line' id='line_1_11' title="bbox 321 1469 2563 1570; baseline 0.001 -27"><span class='ocrx_word' id='word_1_78' title='bbox 321 1472 521 1543; x_wconf 80' lang='lat' dir='ltr'><strong>video</strong></span> <span class='ocrx_word' id='word_1_79' title='bbox 578 1473 754 1564; x_wconf 88' lang='lat' dir='ltr'><strong>aliud</strong></span> <span class='ocrx_word' id='word_1_80' title='bbox 812 1474 1158 1545; x_wconf 79' lang='lat' dir='ltr'><strong>discrimen</strong></span> <span class='ocrx_word' id='word_1_81' title='bbox 1216 1497 1401 1562; x_wconf 90' lang='lat' dir='ltr'><strong>esse,</strong></span> <span class='ocrx_word' id='word_1_82' title='bbox 1458 1496 1646 1567; x_wconf 87' lang='lat' dir='ltr'><strong>quam</strong></span> <span class='ocrx_word' id='word_1_83' title='bbox 1705 1481 1775 1542; x_wconf 88' lang='lat' dir='ltr'><strong>ut</strong></span> <span class='ocrx_word' id='word_1_84' title='bbox 1827 1472 1938 1566; x_wconf 92' lang='lat' dir='ltr'><strong>qui</strong></span> <span class='ocrx_word' id='word_1_85' title='bbox 1991 1496 2077 1542; x_wconf 87' lang='lat' dir='ltr'><strong>ex</strong></span> <span class='ocrx_word' id='word_1_86' title='bbox 2128 1469 2563 1570; x_wconf 73' lang='grc' dir='ltr'><em>ὑπολήψεως</em></span> 
     </span>
     <span class='ocr_line' id='line_1_12' title="bbox 318 1571 2562 1672; baseline 0.002 -29"><span class='ocrx_word' id='word_1_87' title='bbox 318 1571 581 1670; x_wconf 87' lang='lat' dir='ltr'><strong>aliquid</strong></span> <span class='ocrx_word' id='word_1_88' title='bbox 630 1574 895 1665; x_wconf 78' lang='lat' dir='ltr'><strong>recitat,</strong></span> <span class='ocrx_word' id='word_1_89' title='bbox 950 1575 1283 1672; x_wconf 82' lang='lat' dir='ltr'><strong>suscipere</strong></span> <span class='ocrx_word' id='word_1_90' title='bbox 1333 1573 1697 1644; x_wconf 85' lang='lat' dir='ltr'><strong>desinentis</strong></span> <span class='ocrx_word' id='word_1_91' title='bbox 1748 1582 1999 1669; x_wconf 87' lang='lat' dir='ltr'><strong>partes,</strong></span> <span class='ocrx_word' id='word_1_92' title='bbox 2053 1571 2164 1669; x_wconf 90' lang='lat' dir='ltr'><strong>qui</strong></span> <span class='ocrx_word' id='word_1_93' title='bbox 2217 1584 2431 1646; x_wconf 86' lang='lat' dir='ltr'><strong>autem</strong></span> <span class='ocrx_word' id='word_1_94' title='bbox 2483 1576 2562 1659; x_wconf 74' lang='grc' dir='ltr'><strong>ἐξ</strong></span> 
     </span>
     <span class='ocr_line' id='line_1_13' title="bbox 316 1671 2567 1772; baseline 0 -24"><span class='ocrx_word' id='word_1_95' title='bbox 316 1671 728 1772; x_wconf 78' lang='grc' dir='ltr'><strong><em>ὑποβολῆς,</em></strong></span> <span class='ocrx_word' id='word_1_96' title='bbox 781 1675 997 1749; x_wconf 86' lang='lat' dir='ltr'><strong>suffici</strong></span> <span class='ocrx_word' id='word_1_97' title='bbox 1046 1677 1114 1747; x_wconf 89' lang='lat' dir='ltr'><strong>in</strong></span> <span class='ocrx_word' id='word_1_98' title='bbox 1166 1676 1348 1746; x_wconf 90' lang='lat' dir='ltr'><strong>illius</strong></span> <span class='ocrx_word' id='word_1_99' title='bbox 1399 1675 1512 1772; x_wconf 90' lang='lat' dir='ltr'><strong>qui</strong></span> <span class='ocrx_word' id='word_1_100' title='bbox 1564 1673 1762 1746; x_wconf 85' lang='lat' dir='ltr'><strong>desiit</strong></span> <span class='ocrx_word' id='word_1_101' title='bbox 1811 1675 2030 1745; x_wconf 89' lang='lat' dir='ltr'><strong>locum</strong></span> <span class='ocrx_word' id='word_1_102' title='bbox 2071 1674 2353 1748; x_wconf 84' lang='lat' dir='ltr'><strong>dicatur.</strong></span> <span class='ocrx_word' id='word_1_103' title='bbox 2425 1677 2567 1748; x_wconf 83' lang='lat' dir='ltr'><strong>At-</strong></span> 
     </span>
     <span class='ocr_line' id='line_1_14' title="bbox 320 1774 2561 1872; baseline 0.002 -26"><span class='ocrx_word' id='word_1_104' title='bbox 320 1777 443 1872; x_wconf 85' lang='lat' dir='ltr'><strong>qui</strong></span> <span class='ocrx_word' id='word_1_105' title='bbox 508 1784 785 1872; x_wconf 87' lang='lat' dir='ltr'><strong>utroque</strong></span> <span class='ocrx_word' id='word_1_106' title='bbox 852 1777 1044 1849; x_wconf 89' lang='lat' dir='ltr'><strong>modo</strong></span> <span class='ocrx_word' id='word_1_107' title='bbox 1111 1776 1525 1870; x_wconf 76' lang='lat' dir='ltr'><strong>significatur</strong></span> <span class='ocrx_word' id='word_1_108' title='bbox 1588 1775 1950 1848; x_wconf 82' lang='lat' dir='ltr'><strong>successio.</strong></span> <span class='ocrx_word' id='word_1_109' title='bbox 2052 1774 2306 1848; x_wconf 89' lang='lat' dir='ltr'><strong>Verum</strong></span> <span class='ocrx_word' id='word_1_110' title='bbox 2377 1777 2435 1849; x_wconf 89' lang='lat' dir='ltr'><strong>si</strong></span> <span class='ocrx_word' id='word_1_111' title='bbox 2486 1778 2561 1850; x_wconf 84' lang='lat' dir='ltr'><strong>in</strong></span> 
     </span>
     <span class='ocr_line' id='line_1_15' title="bbox 317 1873 2560 1974; baseline 0.002 -27"><span class='ocrx_word' id='word_1_112' title='bbox 317 1877 477 1974; x_wconf 90' lang='lat' dir='ltr'><strong>ipso</strong></span> <span class='ocrx_word' id='word_1_113' title='bbox 532 1877 790 1974; x_wconf 88' lang='lat' dir='ltr'><strong>quidem</strong></span> <span class='ocrx_word' id='word_1_114' title='bbox 855 1882 986 1953; x_wconf 89' lang='lat' dir='ltr'><strong>isto</strong></span> <span class='ocrx_word' id='word_1_115' title='bbox 1053 1878 1252 1950; x_wconf 86' lang='lat' dir='ltr'><strong>verbo</strong></span> <span class='ocrx_word' id='word_1_116' title='bbox 1323 1902 1457 1949; x_wconf 92' lang='lat' dir='ltr'><strong>non</strong></span> <span class='ocrx_word' id='word_1_117' title='bbox 1508 1885 1613 1948; x_wconf 86' lang='lat' dir='ltr'><strong>est</strong></span> <span class='ocrx_word' id='word_1_118' title='bbox 1664 1873 1841 1973; x_wconf 80' lang='lat' dir='ltr'><strong>quod&#39;</strong></span> <span class='ocrx_word' id='word_1_119' title='bbox 1887 1878 2236 1974; x_wconf 87' lang='lat' dir='ltr'><strong>prohibeat</strong></span> <span class='ocrx_word' id='word_1_120' title='bbox 2287 1903 2560 1951; x_wconf 83' lang='lat' dir='ltr'><strong>succes-</strong></span> 
     </span>
     <span class='ocr_line' id='line_1_16' title="bbox 314 1977 2558 2076; baseline 0.001 -26"><span class='ocrx_word' id='word_1_121' title='bbox 314 1980 582 2050; x_wconf 81' lang='lat' dir='ltr'><strong>sionem</strong></span> <span class='ocrx_word' id='word_1_122' title='bbox 629 1979 945 2076; x_wconf 83' lang='lat' dir='ltr'><strong>intelligi,</strong></span> <span class='ocrx_word' id='word_1_123' title='bbox 997 2005 1127 2052; x_wconf 87' lang='lat' dir='ltr'><strong>nou</strong></span> <span class='ocrx_word' id='word_1_124' title='bbox 1181 1979 1479 2075; x_wconf 88' lang='lat' dir='ltr'><strong>sequitur</strong></span> <span class='ocrx_word' id='word_1_125' title='bbox 1529 1980 1883 2070; x_wconf 87' lang='lat' dir='ltr'><strong>continuo,</strong></span> <span class='ocrx_word' id='word_1_126' title='bbox 1954 1988 2026 2051; x_wconf 90' lang='lat' dir='ltr'><strong>ut</strong></span> <span class='ocrx_word' id='word_1_127' title='bbox 2075 1977 2420 2075; x_wconf 80' lang='lat' dir='ltr'><strong>Diogenes</strong></span> <span class='ocrx_word' id='word_1_128' title='bbox 2471 2004 2558 2053; x_wconf 90' lang='lat' dir='ltr'><strong>eo</strong></span> 
     </span>
     <span class='ocr_line' id='line_1_17' title="bbox 313 2079 2560 2205; baseline 0 -53"><span class='ocrx_word' id='word_1_129' title='bbox 313 2079 422 2152; x_wconf 87' lang='lat' dir='ltr'><strong>sie</strong></span> <span class='ocrx_word' id='word_1_130' title='bbox 474 2103 633 2151; x_wconf 87' lang='lat' dir='ltr'><strong>usus</strong></span> <span class='ocrx_word' id='word_1_131' title='bbox 686 2081 797 2152; x_wconf 87' lang='lat' dir='ltr'><strong>sit.</strong></span> <span class='ocrx_word' id='word_1_132' title='bbox 901 2080 1112 2153; x_wconf 90' lang='lat' dir='ltr'><strong>Immo</strong></span> <span class='ocrx_word' id='word_1_133' title='bbox 1180 2105 1374 2177; x_wconf 88' lang='lat' dir='ltr'><strong>quum</strong></span> <span class='ocrx_word' id='word_1_134' title='bbox 1444 2103 1610 2177; x_wconf 88' lang='lat' dir='ltr'><strong>quae</strong></span> <span class='ocrx_word' id='word_1_135' title='bbox 1677 2080 1900 2151; x_wconf 88' lang='lat' dir='ltr'><strong>addita</strong></span> <span class='ocrx_word' id='word_1_136' title='bbox 1951 2088 2104 2152; x_wconf 90' lang='lat' dir='ltr'><strong>sunt</strong></span> <span class='ocrx_word' id='word_1_137' title='bbox 2154 2081 2324 2205; x_wconf 84' lang='lat' dir='ltr'><strong>apud</strong></span> <span class='ocrx_word' id='word_1_138' title='bbox 2378 2079 2560 2153; x_wconf 89' lang='lat' dir='ltr'><strong>Dio-</strong></span> 
     </span>
     <span class='ocr_line' id='line_1_18' title="bbox 311 2177 2558 2278; baseline 0.001 -26"><span class='ocrx_word' id='word_1_139' title='bbox 311 2204 599 2278; x_wconf 86' lang='lat' dir='ltr'><strong>genem,</strong></span> <span class='ocrx_word' id='word_1_140' title='bbox 667 2177 829 2255; x_wconf 75' lang='grc' dir='ltr'><strong><em>οἷον</em></strong></span> <span class='ocrx_word' id='word_1_141' title='bbox 882 2180 1024 2256; x_wconf 72' lang='lat'><strong>3718</strong></span> <span class='ocrx_word' id='word_1_142' title='bbox 1079 2180 1120 2255; x_wconf 84' lang='grc' dir='ltr'><strong>ὅ</strong></span> <span class='ocrx_word' id='word_1_143' title='bbox 1171 2188 1463 2277; x_wconf 79' lang='grc' dir='ltr'><strong><em>πρῶτος</em></strong></span> <span class='ocrx_word' id='word_1_144' title='bbox 1511 2182 1784 2277; x_wconf 76' lang='grc' dir='ltr'><strong><em>ἔληξεν,</em></strong></span> <span class='ocrx_word' id='word_1_145' title='bbox 1849 2182 2147 2256; x_wconf 72' lang='grc' dir='ltr'><strong><em>ἐκεῖθεν·-</em></strong></span> <span class='ocrx_word' id='word_1_146' title='bbox 2188 2182 2558 2278; x_wconf 72' lang='grc' dir='ltr'><strong><em>ἄρχεσθαι</em></strong></span> 
     </span>
     <span class='ocr_line' id='line_1_19' title="bbox 309 2275 2560 2379; baseline 0 -24"><span class='ocrx_word' id='word_1_147' title='bbox 309 2279 455 2357; x_wconf 78' lang='grc' dir='ltr'><strong>τὸν</strong></span> <span class='ocrx_word' id='word_1_148' title='bbox 505 2275 887 2377; x_wconf 70' lang='grc' dir='ltr'><strong><em>ἐχόμενον,</em></strong></span> <span class='ocrx_word' id='word_1_149' title='bbox 940 2283 1163 2355; x_wconf 87' lang='lat' dir='ltr'><strong>addita</strong></span> <span class='ocrx_word' id='word_1_150' title='bbox 1213 2284 1346 2354; x_wconf 88' lang='lat' dir='ltr'><strong>sint</strong></span> <span class='ocrx_word' id='word_1_151' title='bbox 1397 2284 1592 2354; x_wconf 84' lang='lat' dir='ltr'><strong>etiam</strong></span> <span class='ocrx_word' id='word_1_152' title='bbox 1646 2282 1821 2378; x_wconf 90' lang='lat' dir='ltr'><strong>apud</strong></span> <span class='ocrx_word' id='word_1_153' title='bbox 1865 2280 2167 2373; x_wconf 90' lang='lat' dir='ltr'><strong>Suidam,</strong></span> <span class='ocrx_word' id='word_1_154' title='bbox 2220 2286 2332 2379; x_wconf 92' lang='lat' dir='ltr'><strong>qui</strong></span> <span class='ocrx_word' id='word_1_155' title='bbox 2382 2281 2560 2357; x_wconf 89' lang='lat' dir='ltr'><strong>Dio-</strong></span> 
     </span>
     <span class='ocr_line' id='line_1_20' title="bbox 307 2378 2555 2484; baseline 0 -29"><span class='ocrx_word' id='word_1_156' title='bbox 307 2384 514 2480; x_wconf 82' lang='lat' dir='ltr'><strong>genis</strong></span> <span class='ocrx_word' id='word_1_157' title='bbox 571 2386 765 2455; x_wconf 89' lang='lat' dir='ltr'><strong>verba</strong></span> <span class='ocrx_word' id='word_1_158' title='bbox 813 2385 1039 2484; x_wconf 83' lang='lat' dir='ltr'><strong>posuit</strong></span> <span class='ocrx_word' id='word_1_159' title='bbox 1103 2385 1170 2455; x_wconf 92' lang='lat' dir='ltr'><strong>iu</strong></span> <span class='ocrx_word' id='word_1_160' title='bbox 1223 2378 1596 2478; x_wconf 82' lang='grc' dir='ltr'><strong><em>ὑποβολή,</em></strong></span> <span class='ocrx_word' id='word_1_161' title='bbox 1674 2382 1955 2454; x_wconf 85' lang='lat' dir='ltr'><strong>dubitari</strong></span> <span class='ocrx_word' id='word_1_162' title='bbox 2008 2392 2270 2478; x_wconf 89' lang='lat' dir='ltr'><strong>potest,</strong></span> <span class='ocrx_word' id='word_1_163' title='bbox 2300 2425 2305 2434; x_wconf 94' lang='lat'>·</span> <span class='ocrx_word' id='word_1_164' title='bbox 2337 2393 2555 2456; x_wconf 85' lang='lat' dir='ltr'><strong>utrum</strong></span> 
     </span>
     <span class='ocr_line' id='line_1_21' title="bbox 304 2482 2558 2581; baseline 0 -25"><span class='ocrx_word' id='word_1_165' title='bbox 304 2486 449 2558; x_wconf 90' lang='lat' dir='ltr'><strong>ista</strong></span> <span class='ocrx_word' id='word_1_166' title='bbox 506 2509 596 2557; x_wconf 80' lang='lat' dir='ltr'><strong>ex</strong></span> <span class='ocrx_word' id='word_1_167' title='bbox 645 2483 956 2581; x_wconf 83' lang='lat' dir='ltr'><strong>Diogene</strong></span> <span class='ocrx_word' id='word_1_168' title='bbox 1019 2485 1352 2557; x_wconf 88' lang='lat' dir='ltr'><strong>rettulerit</strong></span> <span class='ocrx_word' id='word_1_169' title='bbox 1402 2482 1690 2574; x_wconf 89' lang='lat' dir='ltr'><strong>Suidas,</strong></span> <span class='ocrx_word' id='word_1_170' title='bbox 1760 2496 1857 2554; x_wconf 62' lang='lat' dir='ltr'><strong>au*</strong></span> <span class='ocrx_word' id='word_1_171' title='bbox 1893 2484 2270 2579; x_wconf 83' lang='lat' dir='ltr'><strong>explicandi</strong></span> <span class='ocrx_word' id='word_1_172' title='bbox 2322 2508 2558 2557; x_wconf 85' lang='lat' dir='ltr'><strong>caussa</strong></span> 
     </span>
     <span class='ocr_line' id='line_1_22' title="bbox 302 2577 2553 2683; baseline 0 -26"><span class='ocrx_word' id='word_1_173' title='bbox 302 2587 466 2683; x_wconf 89' lang='lat' dir='ltr'><strong>ipse</strong></span> <span class='ocrx_word' id='word_1_174' title='bbox 524 2585 866 2677; x_wconf 84' lang='lat' dir='ltr'><strong>adiecerit,</strong></span> <span class='ocrx_word' id='word_1_175' title='bbox 921 2610 1128 2682; x_wconf 88' lang='lat' dir='ltr'><strong>eaque</strong></span> <span class='ocrx_word' id='word_1_176' title='bbox 1175 2586 1634 2682; x_wconf 80' lang='lat' dir='ltr'><strong>interpretatio</strong></span> <span class='ocrx_word' id='word_1_177' title='bbox 1687 2585 1875 2656; x_wconf 89' lang='lat' dir='ltr'><strong>illata</strong></span> <span class='ocrx_word' id='word_1_178' title='bbox 1927 2577 2016 2657; x_wconf 83' lang='lat' dir='ltr'><strong>sit</strong></span> <span class='ocrx_word' id='word_1_179' title='bbox 2057 2585 2123 2656; x_wconf 91' lang='lat' dir='ltr'><strong>iu</strong></span> <span class='ocrx_word' id='word_1_180' title='bbox 2156 2586 2553 2681; x_wconf 84' lang='lat' dir='ltr'><strong>Diogenem.</strong></span> 
     </span>
     <span class='ocr_line' id='line_1_23' title="bbox 307 2686 2655 2779; baseline 0.001 -19"><span class='ocrx_word' id='word_1_181' title='bbox 307 2686 555 2778; x_wconf 86' lang='lat' dir='ltr'><strong>Certe,</strong></span> <span class='ocrx_word' id='word_1_182' title='bbox 610 2687 667 2759; x_wconf 88' lang='lat' dir='ltr'><strong>si</strong></span> <span class='ocrx_word' id='word_1_183' title='bbox 720 2713 807 2759; x_wconf 84' lang='lat' dir='ltr'><strong>ex</strong></span> <span class='ocrx_word' id='word_1_184' title='bbox 859 2688 1049 2759; x_wconf 89' lang='lat' dir='ltr'><strong>huius</strong></span> <span class='ocrx_word' id='word_1_185' title='bbox 1104 2690 1476 2758; x_wconf 87' lang='lat' dir='ltr'><strong>narratione</strong></span> <span class='ocrx_word' id='word_1_186' title='bbox 1506 2694 1925 2759; x_wconf 86' lang='lat' dir='ltr'><strong>removentur</strong></span> <span class='ocrx_word' id='word_1_187' title='bbox 1956 2687 2086 2757; x_wconf 83' lang='lat' dir='ltr'><strong>ista</strong></span> <span class='ocrx_word' id='word_1_188' title='bbox 2123 2687 2344 2779; x_wconf 87' lang='lat' dir='ltr'><strong>verba,</strong></span> <span class='ocrx_word' id='word_1_189' title='bbox 2398 2711 2558 2759; x_wconf 88' lang='lat' dir='ltr'><strong>cae·</strong></span> <span class='ocrx_word' id='word_1_190' title='bbox 2646 2745 2655 2764; x_wconf 30' lang='grc' dir='ltr'>χ</span> 
     </span>
     <span class='ocr_line' id='line_1_24' title="bbox 304 2786 2554 2885; baseline 0 -24"><span class='ocrx_word' id='word_1_191' title='bbox 304 2799 463 2862; x_wconf 85' lang='lat' dir='ltr'><strong>tera</strong></span> <span class='ocrx_word' id='word_1_192' title='bbox 516 2798 701 2860; x_wconf 88' lang='lat' dir='ltr'><strong>recte</strong></span> <span class='ocrx_word' id='word_1_193' title='bbox 753 2813 826 2860; x_wconf 91' lang='lat' dir='ltr'><strong>se</strong></span> <span class='ocrx_word' id='word_1_194' title='bbox 888 2789 1253 2879; x_wconf 84' lang='lat' dir='ltr'><strong>habebunt,</strong></span> <span class='ocrx_word' id='word_1_195' title='bbox 1327 2788 1631 2885; x_wconf 88' lang='lat' dir='ltr'><strong>dicetque</strong></span> <span class='ocrx_word' id='word_1_196' title='bbox 1694 2788 1824 2858; x_wconf 88' lang='lat' dir='ltr'><strong>iam</strong></span> <span class='ocrx_word' id='word_1_197' title='bbox 1875 2786 2217 2883; x_wconf 84' lang='lat' dir='ltr'><strong>Diogenes</strong></span> <span class='ocrx_word' id='word_1_198' title='bbox 2282 2797 2554 2861; x_wconf 84' lang='lat' dir='ltr'><strong>auctore</strong></span> 
     </span>
     <span class='ocr_line' id='line_1_25' title="bbox 301 2888 2561 2987; baseline -0.001 -24"><span class='ocrx_word' id='word_1_199' title='bbox 301 2889 700 2963; x_wconf 87' lang='lat' dir='ltr'><strong>Dieuehida</strong></span> <span class='ocrx_word' id='word_1_200' title='bbox 749 2888 1066 2963; x_wconf 88' lang='lat' dir='ltr'><strong>Solonem</strong></span> <span class='ocrx_word' id='word_1_201' title='bbox 1118 2890 1523 2980; x_wconf 82' lang='lat' dir='ltr'><strong>instituisse,</strong></span> <span class='ocrx_word' id='word_1_202' title='bbox 1591 2898 1664 2961; x_wconf 87' lang='lat' dir='ltr'><strong>ut</strong></span> <span class='ocrx_word' id='word_1_203' title='bbox 1715 2896 1907 2961; x_wconf 90' lang='lat' dir='ltr'><strong>aucta</strong></span> <span class='ocrx_word' id='word_1_204' title='bbox 1957 2890 2253 2960; x_wconf 84' lang='lat' dir='ltr'><strong>versibus</strong></span> <span class='ocrx_word' id='word_1_205' title='bbox 2304 2914 2561 2987; x_wconf 86' lang='lat' dir='ltr'><strong>suppo-</strong></span> 
     </span>
     <span class='ocr_line' id='line_1_26' title="bbox 200 2991 2554 3090; baseline 0 -27"><span class='ocrx_word' id='word_1_206' title='bbox 200 3083 206 3090; x_wconf 80' lang='lat'><strong>.</strong></span> <span class='ocrx_word' id='word_1_207' title='bbox 306 2992 466 3064; x_wconf 89' lang='lat' dir='ltr'><strong>sitis</strong></span> <span class='ocrx_word' id='word_1_208' title='bbox 539 2991 829 3062; x_wconf 87' lang='lat' dir='ltr'><strong>carmina</strong></span> <span class='ocrx_word' id='word_1_209' title='bbox 891 2991 1169 3062; x_wconf 87' lang='lat' dir='ltr'><strong>Homeri</strong></span> <span class='ocrx_word' id='word_1_210' title='bbox 1232 2993 1708 3082; x_wconf 83' lang='lat' dir='ltr'><strong>recitarentur,</strong></span> <span class='ocrx_word' id='word_1_211' title='bbox 1777 3014 1983 3086; x_wconf 91' lang='lat' dir='ltr'><strong>eaque</strong></span> <span class='ocrx_word' id='word_1_212' title='bbox 2046 3014 2120 3061; x_wconf 87' lang='lat' dir='ltr'><strong>re</strong></span> <span class='ocrx_word' id='word_1_213' title='bbox 2185 2991 2554 3063; x_wconf 85' lang='lat' dir='ltr'><strong>illustriora</strong></span> 
     </span>
    </p>

    <p class='ocr_par' dir='ltr' id='par_1_3' title="bbox 303 3092 2559 3267">
     <span class='ocr_line' id='line_1_27' title="bbox 303 3092 2559 3189; baseline -0 -24"><span class='ocrx_word' id='word_1_214' title='bbox 303 3093 499 3165; x_wconf 84' lang='lat' dir='ltr'><strong>facta</strong></span> <span class='ocrx_word' id='word_1_215' title='bbox 554 3116 744 3184; x_wconf 88' lang='lat' dir='ltr'><strong>esse,</strong></span> <span class='ocrx_word' id='word_1_216' title='bbox 818 3116 1009 3188; x_wconf 88' lang='lat' dir='ltr'><strong>quam</strong></span> <span class='ocrx_word' id='word_1_217' title='bbox 1061 3117 1100 3164; x_wconf 87' lang='lat' dir='ltr'><strong>a</strong></span> <span class='ocrx_word' id='word_1_218' title='bbox 1149 3092 1534 3184; x_wconf 88' lang='lat' dir='ltr'><strong>Pisistrato,</strong></span> <span class='ocrx_word' id='word_1_219' title='bbox 1589 3093 1701 3189; x_wconf 92' lang='lat' dir='ltr'><strong>qui</strong></span> <span class='ocrx_word' id='word_1_220' title='bbox 1753 3092 1971 3188; x_wconf 89' lang='lat' dir='ltr'><strong>qualia</strong></span> <span class='ocrx_word' id='word_1_221' title='bbox 2023 3093 2392 3189; x_wconf 87' lang='lat' dir='ltr'><strong>accepisset</strong></span> <span class='ocrx_word' id='word_1_222' title='bbox 2441 3115 2559 3165; x_wconf 90' lang='lat' dir='ltr'><strong>re-</strong></span> 
     </span>
     <span class='ocr_line' id='line_1_28' title="bbox 306 3194 897 3267; baseline -0.002 0"><span class='ocrx_word' id='word_1_223' title='bbox 306 3195 514 3267; x_wconf 86' lang='lat' dir='ltr'><strong>citari</strong></span> <span class='ocrx_word' id='word_1_224' title='bbox 569 3194 897 3266; x_wconf 87' lang='lat' dir='ltr'><strong>iussisset.</strong></span> 
     </span>
    </p>

    <p class='ocr_par' dir='ltr' id='par_1_4' title="bbox 194 3291 2667 4534">
     <span class='ocr_line' id='line_1_29' title="bbox 525 3291 2667 3392; baseline -0.002 -24"><span class='ocrx_word' id='word_1_225' title='bbox 525 3292 669 3368; x_wconf 90' lang='lat' dir='ltr'><strong>Sed</strong></span> <span class='ocrx_word' id='word_1_226' title='bbox 722 3295 895 3391; x_wconf 88' lang='lat' dir='ltr'><strong>quod</strong></span> <span class='ocrx_word' id='word_1_227' title='bbox 947 3294 1030 3366; x_wconf 88' lang='lat' dir='ltr'><strong>ad</strong></span> <span class='ocrx_word' id='word_1_228' title='bbox 1064 3302 1390 3367; x_wconf 91' lang='lat' dir='ltr'><strong>certamen</strong></span> <span class='ocrx_word' id='word_1_229' title='bbox 1418 3291 1794 3392; x_wconf 88' lang='grc' dir='ltr'><strong><em>ὑποβολῆς</em></strong></span> <span class='ocrx_word' id='word_1_230' title='bbox 1826 3293 1996 3391; x_wconf 90' lang='lat' dir='ltr'><strong>apud</strong></span> <span class='ocrx_word' id='word_1_231' title='bbox 2033 3292 2248 3364; x_wconf 89' lang='lat' dir='ltr'><strong>Teios</strong></span> <span class='ocrx_word' id='word_1_232' title='bbox 2278 3292 2547 3384; x_wconf 79' lang='lat' dir='ltr'><strong>attinet,</strong></span> <span class='ocrx_word' id='word_1_233' title='bbox 2658 3377 2667 3384; x_wconf 35' lang='grc'><strong>,</strong></span> 
     </span>
     <span class='ocr_line' id='line_1_30' title="bbox 302 3392 2550 3493; baseline -0.002 -25"><span class='ocrx_word' id='word_1_234' title='bbox 302 3397 519 3478; x_wconf 84' lang='lat' dir='ltr'><strong>facile</strong></span> <span class='ocrx_word' id='word_1_235' title='bbox 576 3397 833 3493; x_wconf 88' lang='lat' dir='ltr'><strong>quidem</strong></span> <span class='ocrx_word' id='word_1_236' title='bbox 884 3397 1106 3493; x_wconf 86' lang='lat' dir='ltr'><strong>patior</strong></span> <span class='ocrx_word' id='word_1_237' title='bbox 1155 3419 1363 3468; x_wconf 86' lang='lat' dir='ltr'><strong>meam</strong></span> <span class='ocrx_word' id='word_1_238' title='bbox 1413 3420 1546 3469; x_wconf 90' lang='lat' dir='ltr'><strong>non</strong></span> <span class='ocrx_word' id='word_1_239' title='bbox 1595 3397 1808 3482; x_wconf 78' lang='lat' dir='ltr'><strong>minus</strong></span> <span class='ocrx_word' id='word_1_240' title='bbox 1844 3417 2032 3491; x_wconf 86' lang='lat' dir='ltr'><strong>quam</strong></span> <span class='ocrx_word' id='word_1_241' title='bbox 2060 3392 2387 3466; x_wconf 86' lang='lat' dir='ltr'><strong>Boeckhii</strong></span> <span class='ocrx_word' id='word_1_242' title='bbox 2417 3417 2550 3465; x_wconf 74' lang='lat' dir='ltr'><strong>ex-</strong></span> 
     </span>
     <span class='ocr_line' id='line_1_31' title="bbox 302 3496 2548 3596; baseline -0.001 -26"><span class='ocrx_word' id='word_1_243' title='bbox 302 3498 751 3596; x_wconf 87' lang='lat' dir='ltr'><strong>plicationem</strong></span> <span class='ocrx_word' id='word_1_244' title='bbox 806 3499 885 3569; x_wconf 85' lang='lat' dir='ltr'><strong>ab</strong></span> <span class='ocrx_word' id='word_1_245' title='bbox 914 3496 1259 3570; x_wconf 80' lang='lat' dir='ltr'><strong>Nitzschio</strong></span> <span class='ocrx_word' id='word_1_246' title='bbox 1313 3520 1460 3588; x_wconf 80' lang='lat' dir='ltr'><strong>esse</strong></span> <span class='ocrx_word' id='word_1_247' title='bbox 1512 3521 1842 3568; x_wconf 84' lang='lat' dir='ltr'><strong>eversam:</strong></span> <span class='ocrx_word' id='word_1_248' title='bbox 1911 3505 2192 3566; x_wconf 82' lang='lat' dir='ltr'><strong>attamen</strong></span> <span class='ocrx_word' id='word_1_249' title='bbox 2246 3496 2548 3568; x_wconf 87' lang='lat' dir='ltr'><strong>relictum</strong></span> 
     </span>
     <span class='ocr_line' id='line_1_32' title="bbox 303 3595 2551 3696; baseline -0.001 -25"><span class='ocrx_word' id='word_1_250' title='bbox 303 3601 544 3691; x_wconf 84' lang='lat' dir='ltr'><strong>video,</strong></span> <span class='ocrx_word' id='word_1_251' title='bbox 597 3600 680 3671; x_wconf 92' lang='lat' dir='ltr'><strong>de</strong></span> <span class='ocrx_word' id='word_1_252' title='bbox 733 3621 861 3696; x_wconf 88' lang='lat' dir='ltr'><strong>quo</strong></span> <span class='ocrx_word' id='word_1_253' title='bbox 914 3608 982 3671; x_wconf 87' lang='lat' dir='ltr'><strong>et</strong></span> <span class='ocrx_word' id='word_1_254' title='bbox 1032 3599 1311 3670; x_wconf 87' lang='lat' dir='ltr'><strong>dubitari</strong></span> <span class='ocrx_word' id='word_1_255' title='bbox 1366 3608 1433 3670; x_wconf 88' lang='lat' dir='ltr'><strong>et</strong></span> <span class='ocrx_word' id='word_1_256' title='bbox 1482 3599 1709 3694; x_wconf 87' lang='lat' dir='ltr'><strong>quaeri</strong></span> <span class='ocrx_word' id='word_1_257' title='bbox 1761 3598 2040 3694; x_wconf 88' lang='lat' dir='ltr'><strong>amplius</strong></span> <span class='ocrx_word' id='word_1_258' title='bbox 2087 3597 2323 3693; x_wconf 87' lang='lat' dir='ltr'><strong>possit.</strong></span> <span class='ocrx_word' id='word_1_259' title='bbox 2406 3595 2551 3669; x_wconf 82' lang='lat' dir='ltr'><strong>Os-</strong></span> 
     </span>
     <span class='ocr_line' id='line_1_33' title="bbox 301 3696 2553 3796; baseline -0.003 -21"><span class='ocrx_word' id='word_1_260' title='bbox 301 3701 539 3775; x_wconf 77' lang='lat' dir='ltr'><strong>‘tendit</strong></span> <span class='ocrx_word' id='word_1_261' title='bbox 579 3700 988 3791; x_wconf 81' lang='lat' dir='ltr'><strong>Nitzschius,</strong></span> <span class='ocrx_word' id='word_1_262' title='bbox 1040 3696 1424 3796; x_wconf 80' lang='grc' dir='ltr'><strong><em>ὑποβολὴν</em></strong></span> <span class='ocrx_word' id='word_1_263' title='bbox 1472 3722 1621 3771; x_wconf 89' lang='lat' dir='ltr'><strong>esse</strong></span> <span class='ocrx_word' id='word_1_264' title='bbox 1662 3700 2145 3795; x_wconf 87' lang='lat' dir='ltr'><strong>magistrorum,</strong></span> <span class='ocrx_word' id='word_1_265' title='bbox 2199 3699 2311 3794; x_wconf 89' lang='lat' dir='ltr'><strong>qui</strong></span> <span class='ocrx_word' id='word_1_266' title='bbox 2344 3698 2553 3771; x_wconf 85' lang='lat' dir='ltr'><strong>disei-</strong></span> 
     </span>
     <span class='ocr_line' id='line_1_34' title="bbox 301 3800 2548 3901; baseline -0.001 -27"><span class='ocrx_word' id='word_1_267' title='bbox 301 3803 502 3901; x_wconf 84' lang='lat' dir='ltr'><strong>pulis</strong></span> <span class='ocrx_word' id='word_1_268' title='bbox 574 3804 683 3875; x_wconf 78' lang='lat' dir='ltr'><strong>vel</strong></span> <span class='ocrx_word' id='word_1_269' title='bbox 751 3803 1153 3900; x_wconf 85' lang='lat' dir='ltr'><strong>praeiverint</strong></span> <span class='ocrx_word' id='word_1_270' title='bbox 1228 3802 1330 3873; x_wconf 84' lang='lat' dir='ltr'><strong>vel</strong></span> <span class='ocrx_word' id='word_1_271' title='bbox 1398 3801 1865 3898; x_wconf 83' lang='lat' dir='ltr'><strong>imperaverint</strong></span> <span class='ocrx_word' id='word_1_272' title='bbox 1929 3823 2094 3896; x_wconf 89' lang='lat' dir='ltr'><strong>quae</strong></span> <span class='ocrx_word' id='word_1_273' title='bbox 2164 3800 2548 3872; x_wconf 85' lang='lat' dir='ltr'><strong>recitarent.</strong></span> 
     </span>
     <span class='ocr_line' id='line_1_35' title="bbox 303 3901 2547 4019; baseline -0.002 -42"><span class='ocrx_word' id='word_1_274' title='bbox 303 3901 528 3977; x_wconf 85' lang='lat' dir='ltr'><strong>Vnde</strong></span> <span class='ocrx_word' id='word_1_275' title='bbox 582 3912 910 3976; x_wconf 88' lang='lat' dir='ltr'><strong>certamen</strong></span> <span class='ocrx_word' id='word_1_276' title='bbox 961 3901 1333 4000; x_wconf 89' lang='grc' dir='ltr'><strong><em>ὑποβολῆς</em></strong></span> <span class='ocrx_word' id='word_1_277' title='bbox 1382 3903 1595 4000; x_wconf 87' lang='lat' dir='ltr'><strong>patria</strong></span> <span class='ocrx_word' id='word_1_278' title='bbox 1644 3902 1873 3998; x_wconf 85' lang='lat' dir='ltr'><strong>lingua</strong></span> <span class='ocrx_word' id='word_1_279' title='bbox 1922 3903 2390 4019; x_wconf 79' lang='lat' dir='ltr'><strong>interpretatus</strong></span> <span class='ocrx_word' id='word_1_280' title='bbox 2441 3909 2547 3973; x_wconf 87' lang='lat' dir='ltr'><strong>est</strong></span> 
     </span>
     <span class='ocr_line' id='line_1_36' title="bbox 303 3998 2548 4104; baseline -0.002 -25"><span class='ocrx_word' id='word_1_281' title='bbox 303 4008 421 4079; x_wconf 78' lang='lat' dir='ltr'><strong>im</strong></span> <span class='ocrx_word' id='word_1_282' title='bbox 480 4006 756 4079; x_wconf 71' lang='lat' dir='ltr'><strong>leieten</strong></span> <span class='ocrx_word' id='word_1_283' title='bbox 803 4029 951 4078; x_wconf 80' lang='lat' dir='ltr'><strong>mm</strong></span> <span class='ocrx_word' id='word_1_284' title='bbox 1002 4001 1427 4104; x_wconf 61' lang='lat' dir='ltr'><strong>ausgaben.</strong></span> <span class='ocrx_word' id='word_1_285' title='bbox 1529 4002 1723 4076; x_wconf 89' lang='lat' dir='ltr'><strong>Nune</strong></span> <span class='ocrx_word' id='word_1_286' title='bbox 1773 4004 1874 4076; x_wconf 88' lang='lat' dir='ltr'><strong>sie</strong></span> <span class='ocrx_word' id='word_1_287' title='bbox 1923 4002 2188 4075; x_wconf 79' lang='lat' dir='ltr'><strong>scribit:</strong></span> <span class='ocrx_word' id='word_1_288' title='bbox 2261 3998 2548 4102; x_wconf 78' lang='lat' dir='ltr'><strong>proba·</strong></span> 
     </span>
     <span class='ocr_line' id='line_1_37' title="bbox 307 4101 2544 4208; baseline -0.003 -27"><span class='ocrx_word' id='word_1_289' title='bbox 307 4103 585 4181; x_wconf 66' lang='lat' dir='ltr'><strong>bibitor</strong></span> <span class='ocrx_word' id='word_1_290' title='bbox 614 4105 879 4208; x_wconf 80' lang='lat' dir='ltr'><strong>fingo,</strong></span> <span class='ocrx_word' id='word_1_291' title='bbox 929 4133 1003 4177; x_wconf 85' lang='lat' dir='ltr'><strong>m</strong></span> <span class='ocrx_word' id='word_1_292' title='bbox 1119 4110 1395 4180; x_wconf 70' lang='lat' dir='ltr'><strong>istrum</strong></span> <span class='ocrx_word' id='word_1_293' title='bbox 1442 4105 1530 4177; x_wconf 74' lang='lat' dir='ltr'><strong>in</strong></span> <span class='ocrx_word' id='word_1_294' title='bbox 1567 4108 1734 4205; x_wconf 66' lang='lat' dir='ltr'><strong>ipso</strong></span> <span class='ocrx_word' id='word_1_295' title='bbox 1767 4106 2193 4179; x_wconf 74' lang='lat' dir='ltr'><strong>certamine</strong></span> <span class='ocrx_word' id='word_1_296' title='bbox 2225 4101 2544 4176; x_wconf 75' lang='lat' dir='ltr'><strong>adstan-</strong></span> 
     </span>
     <span class='ocr_line' id='line_1_38' title="bbox 304 4203 2575 4308; baseline -0.004 -26"><span class='ocrx_word' id='word_1_297' title='bbox 304 4222 474 4282; x_wconf 78' lang='lat' dir='ltr'><strong>tem</strong></span> <span class='ocrx_word' id='word_1_298' title='bbox 531 4203 748 4283; x_wconf 77' lang='lat' dir='ltr'><strong>brevi</strong></span> <span class='ocrx_word' id='word_1_299' title='bbox 791 4211 1009 4308; x_wconf 63' lang='lat' dir='ltr'><strong>signi</strong></span> <span class='ocrx_word' id='word_1_300' title='bbox 1067 4210 1372 4282; x_wconf 74' lang='lat' dir='ltr'><strong>catione</strong></span> <span class='ocrx_word' id='word_1_301' title='bbox 1419 4209 1876 4308; x_wconf 70' lang='lat' dir='ltr'><strong>imperasse,</strong></span> <span class='ocrx_word' id='word_1_302' title='bbox 1931 4228 2134 4306; x_wconf 78' lang='lat' dir='ltr'><strong>quae</strong></span> <span class='ocrx_word' id='word_1_303' title='bbox 2182 4205 2575 4292; x_wconf 29' lang='lat' dir='ltr'><strong>earmina„</strong></span> 
     </span>
     <span class='ocr_line' id='line_1_39' title="bbox 194 4302 2545 4410; baseline -0.002 -25"><span class='ocrx_word' id='word_1_304' title='bbox 194 4382 197 4385; x_wconf 78' lang='grc'><em>,</em></span> <span class='ocrx_word' id='word_1_305' title='bbox 300 4310 699 4410; x_wconf 65' lang='lat' dir='ltr'><strong>discipuli</strong></span> <span class='ocrx_word' id='word_1_306' title='bbox 728 4315 1164 4383; x_wconf 77' lang='lat' dir='ltr'><strong>memoriter</strong></span> <span class='ocrx_word' id='word_1_307' title='bbox 1196 4303 1671 4382; x_wconf 64' lang='lat' dir='ltr'><strong>exhiberent.</strong></span> <span class='ocrx_word' id='word_1_308' title='bbox 1764 4306 1919 4396; x_wconf 76' lang='lat' dir='ltr'><strong>Qm·</strong></span> <span class='ocrx_word' id='word_1_309' title='bbox 1943 4304 2302 4403; x_wconf 69' lang='lat' dir='ltr'><strong>fortasse</strong></span> <span class='ocrx_word' id='word_1_310' title='bbox 2326 4302 2545 4380; x_wconf 76' lang='lat' dir='ltr'><strong>modo</strong></span> 
     </span>
     <span class='ocr_line' id='line_1_40' title="bbox 299 4403 2554 4534; baseline -0.002 -50"><span class='ocrx_word' id='word_1_311' title='bbox 299 4410 536 4484; x_wconf 69' lang='lat' dir='ltr'><strong>hum</strong></span> <span class='ocrx_word' id='word_1_312' title='bbox 583 4410 801 4534; x_wconf 63' lang='lat' dir='ltr'><strong>modo</strong></span> <span class='ocrx_word' id='word_1_313' title='bbox 851 4414 1069 4498; x_wconf 65' lang='lat' dir='ltr'><strong>metm</strong></span> <span class='ocrx_word' id='word_1_314' title='bbox 1101 4414 1371 4494; x_wconf 61' lang='lat' dir='ltr'><strong>„laeum</strong></span> <span class='ocrx_word' id='word_1_315' title='bbox 1405 4404 1827 4483; x_wconf 70' lang='lat' dir='ltr'><strong>inchoabat</strong></span> <span class='ocrx_word' id='word_1_316' title='bbox 1863 4403 2389 4495; x_wconf 68' lang='grc' dir='ltr'><strong>νοοὶΐαηιίιιηι,</strong></span> <span class='ocrx_word' id='word_1_317' title='bbox 2456 4417 2554 4479; x_wconf 73' lang='lat' dir='ltr'><strong>ut</strong></span> 
     </span>
    </p>
   </div>
  </div>
 </body>
</html>
