3192 4992
591 369 725 437 m
1279 371 1383 434 ΒΕ
1422 367 1724 432 GRAECA
1764 367 2129 430 MINERVA·

840 533 933 611 τὸ
980 532 1123 630 μὲν
1172 532 1613 636 Πελασγοὺς
1660 540 1988 633 πρῶτον,
2042 533 2178 619 οὓς
2221 530 2319 631 δὴ
2365 532 2496 610 καὶ
2543 528 2790 638 λόγος,

845 634 1242 733 Κραναοὺς
1286 635 1704 713 καλεῖσθαι.
2738 677 2743 681 -

520 833 528 848 ι
594 789 990 866 Eustathius
1055 814 1213 862 vero
1279 787 1362 861 ad
1425 787 1739 886 Dionysii
1801 814 1869 861 v.
1918 789 2098 864 423.
2160 780 2586 883 καλεόμενοι
2649 786 2831 885 apud

593 891 1009 966 Herodotum
1059 890 1388 964 invenisse
1438 890 1725 983 videtur,
1776 890 1889 987 qui
1932 891 2032 968 sic
2073 890 2357 964 scribat:
2422 887 2699 983 ἱστορεῖ
2738 885 2828 965 δὲ

596 992 638 1067 ὃ
711 990 936 1076 αὐτὸς
1010 989 1140 1067 καὶ
1218 989 1330 1065 ὅτι
1400 992 1470 1066 οἱ
1532 991 1923 1087 Ἀθηναῖοι
1987 988 2326 1087 Κραναοὶ
2386 986 2828 1086 καλούμενοι

595 1091 798 1190 ὅμως
861 1092 978 1168 ἐπὶ
1034 1097 1448 1196 Πελασγῶν
1512 1089 1838 1189 ἐχόντων
1898 1091 2040 1188 τὴν
2086 1087 2400 1168 Ἐλλάδα
2450 1089 2827 1193 Πελασγοὶ

596 1191 1098 1294 ὠνομάζοντο.
1200 1193 1527 1270 Nimirum
1590 1196 1804 1293 ipsius
1866 1193 2034 1268 haec
2087 1193 2420 1288 Herodoti
2484 1200 2554 1266 et
2617 1193 2825 1267 solius

598 1298 856 1400 quidem
911 1296 1134 1393 opinio
1187 1296 1351 1388 suit,
1415 1293 1838 1395 Pelasgicam
1889 1320 2035 1369 esse
2089 1296 2410 1393 originem
2458 1292 2830 1369 Athenien-

596 1401 791 1476 sium.
892 1395 1129 1495 Itaque
1180 1395 1247 1472 I.
1283 1401 1409 1476 57.
1462 1424 1660 1496 quum
1710 1397 1987 1472 barbara
2029 1395 2258 1495 lingua
2291 1397 2478 1495 loqui
2507 1421 2626 1469 eos
2663 1421 2829 1493 quos

594 1501 742 1629 {pse
806 1501 1229 1597 cognovisset
1278 1499 1608 1598 Pelasgos
1676 1498 1890 1590 dixit,
1965 1499 2065 1573 sic
2115 1498 2383 1571 scribit:
2454 1500 2518 1571 εἰ
2566 1497 2831 1573 τοίνυν

590 1629 689 1700 ην
736 1598 863 1675 καὶ
913 1608 1067 1676 πᾶν
1093 1609 1388 1678 τοιοῦτο
1417 1600 1504 1677 τὸ
1536 1595 2040 1703 Πελασγικόν,
2090 1596 2176 1675 τὸ
2212 1597 2548 1673 Ἀττικὸν
2576 1599 2829 1687 ἔθνος,

593 1699 722 1777 ἐὸν
754 1698 1253 1803 Πελασγικόν,
1307 1702 1465 1798 ἅμα
1514 1710 1605 1804 τῇ
1656 1701 2049 1800 ,καταβολῇ
2081 1707 2172 1797 τῇ
2209 1701 2283 1784 ἐς
2310 1697 2664 1797 Ἕλληνας
2705 1697 2832 1774 καῖ

592 1801 733 1899 τὴν
781 1809 1136 1905 γλῶσσαν
1184 1805 1582 1901 μετέμαθε.
1687 1801 1785 1878 Et
1831 1829 2027 1902 quum
2069 1800 2173 1876 IL
2211 1805 2336 1878 51.
2386 1802 2829 1875 Athenienses

598 1906 760 1990 dicit
807 1902 951 2001 ἤδη
1003 1907 1075 1988 ἐς
1103 1903 1457 2003 Ἕλληνας
1505 1903 1920 1993 τελέοντας,
1990 1903 2320 2000 Pelasgos
2372 1902 2599 1976 vocari
2650 1903 2831 1976 desi-
2893 1917 2905 1924 ’

594 2014 702 2079 tos
752 2007 1027 2079 indicat.
1130 2003 1397 2086 Vereor
1445 2034 1632 2100 vero,
1690 2032 1815 2101 ne,
1884 2006 2060 2103 quod
2111 2029 2515 2080 communem
2567 2003 2832 2102 opinio-

594 2132 744 2179 nem
796 2116 1151 2204 sequutus,
1231 2109 1311 2182 de
1366 2134 1495 2208 qua
1545 2108 1794 2184 Strabo
1845 2106 1944 2181 V.
1996 2132 2067 2205 p.
2121 2110 2296 2182 220.
2350 2132 2522 2203 seq„
2587 2106 2832 2188 Pelas-

547 2279 551 2285 .
595 2235 719 2306 gos
771 2234 893 2307 per
946 2235 1197 2283 omnem
1236 2203 1591 2285 Graeciam
1647 2211 1922 2283 diffusos
1974 2208 2181 2282 fuisse
2235 2207 2561 2301 crederet,
2613 2209 2830 2280 Athe·

594 2310 857 2384 nienses
911 2335 1209 2413 quoque,
1277 2323 1354 2388 ut
1405 2315 1484 2388 ab
1539 2313 1771 2387 ultima
1822 2311 2210 2407 antiquitate
2263 2309 2561 2383 eumdem
2609 2312 2829 2386 locum

595 2421 939 2506 tenentes,
1000 2411 1426 2512 Pelasgicam
1476 2424 1740 2514 gentem
1792 2438 1940 2486 esse
1990 2413 2345 2510 putaverit.
2446 2412 2629 2488 Hine
2681 2436 2827 2484 esse

596 2513 893 2606 videtur,
965 2516 1138 2612 quod
1188 2514 1252 2588 I.
1308 2519 1460 2592 56.·
1488 2542 1683 2614 quum
1735 2513 1938 2589 Iones
2004 2537 2248 2613 genere
2298 2512 2627 2611 Pelasgos
2681 2538 2826 2586 esse

598 2613 925 2707 dixisset,
993 2615 1074 2688 de
1125 2643 1369 2714 genere
1420 2615 1781 2713 Pelasgieo
1842 2618 2039 2718 plane
2092 2615 2493 2690 contrarium
2545 2640 2624 2688 ac
2676 2613 2829 2688 cae-2

597 2717 728 2787 teri
778 2715 1140 2812 scriptores
1208 2742 1431 2790 omnes
1497 2719 1816 2790 referret:
1891 2714 2186 2814 οὐδαμῇ
2251 2744 2360 2790 κω
2411 2710 2826 2816 ἐξεχώρησε.

600 2816 823 2908 Quare
889 2817 1217 2890 assentior
1276 2817 1667 2911 Larchero‚
1739 2818 1987 2890 erroris
2051 2819 2353 2916 arguenti
2414 2818 2827 2892 Herodotum

595 2918 669 2996 in
721 2915 1174 3016 Chronologia
1200 2918 1589 2994 Herodotea
1637 2946 1711 3017 p.
1762 2922 1939 2997 263.
1990 2944 2139 3016 sqq.
2193 2921 2487 3018 quamvis
2528 2945 2678 2996 eum
2726 2921 2829 2992 vi-

598 3043 740 3090 rum
793 3020 1233 3117 reprehendat
1300 3023 1370 3095 in
1435 3023 1708 3120 egregio
1777 3019 1858 3093 de
1922 3046 2144 3093 rerum
2193 3013 2603 3119 publicarum
2656 3021 2829 3120 apud

601 3118 903 3194 Graecos
956 3123 1452 3218 antiquitatibus
1502 3125 1676 3195 libro
1727 3125 1814 3226 ξ.
1863 3124 2006 3215 91,
2061 3125 2135 3198 5.
2188 3121 2272 3195 C.
2323 3121 2448 3195 Fr.
2497 3123 2831 3196 Herman-

599 3247 723 3295 nus
738 3275 764 3315 ,
829 3222 1110 3300 Miilleri
1158 3226 1227 3298 in
1282 3223 1704 3298 Orchomeno
1770 3249 1842 3322 p.
1897 3228 2068 3303 127.
2120 3225 2436 3298 iudicium
2487 3234 2829 3322 sequutus.
2889 3313 2895 3328 1

599 3322 666 3405 N
667 3349 768 3399 am
820 3333 1086 3422 praeter
1135 3334 1543 3401 caeterorum
1593 3327 1991 3425 scriptorum
2042 3326 2308 3402 silentia
2351 3328 2635 3406 omnium
2679 3352 2831 3400 cen-

599 3426 855 3516 tissimi‘
888 3435 1094 3499 testes
1145 3427 1276 3524 ipsi
1328 3428 1634 3500 videntur
1681 3428 2124 3504 Athenienses
2178 3452 2352 3519 esse,
2407 3429 2547 3525 qui,
2600 3454 2832 3525 quam-

600 3527 702 3598 vis
764 3529 1003 3625 ubique
1054 3530 1401 3601 vetustatis
1468 3552 1627 3602 suae
1678 3530 2061 3620 iactatores,
2114 3537 2335 3606 tamen
2387 3554 2461 3602 se
2500 3529 2829 3626 Pelasgos

602 3651 750 3716 esse
798 3653 1141 3736 numquam
1195 3641 1348 3712 sunt
1397 3631 1694 3729 gloriati.
1730 3636 1793 3734 ³)
1897 3628 2108 3706 Immo
2163 3631 2564 3705 contrarium
2598 3631 2828 3730 colligi

772 3897 832 3983 8)
888 3903 964 3963 Ut
1005 3923 1064 3963 se
1106 3903 1362 3975 defendat,
1405 3909 1811 3966 comminiscitur
1834 3904 2096 3965 Miillerus
2136 3908 2195 3965 in
2220 3905 2435 3978 Encycl.
2476 3927 2530 3983 p,
2565 3904 2672 3966 77.
2713 3904 2827 3976 hoc,

603 4006 709 4050 non
749 3994 952 4048 exstare
993 3994 1291 4064 scriptorem
1332 3989 1592 4063 Atticum,
1646 3996 1737 4068 qui
1788 3990 1853 4049 de
1909 3994 2064 4050 rebus
2104 3987 2501 4054 Atheniensium
2545 4000 2665 4049 ante
2708 4000 2828 4049 tem·

596 4092 733 4149 pora
772 4072 951 4138 Ionica
990 4076 1210 4134 scribere
1252 4075 1558 4147 instituerit,
1607 4080 1943 4153 potuisseqne
1982 4078 2321 4147 inimicitiam,
2364 4096 2496 4153 quae
2537 4075 2731 4134 IonieIs
2769 4076 2828 4133 il·

604 4159 674 4216 lis
716 4158 1030 4234 temporibus
1071 4161 1215 4234 ipsos
1255 4162 1389 4217 inter
1430 4168 1483 4218 et
1523 4170 1760 4238 gentem,
1805 4179 1935 4237 quae
1976 4166 2242 4236 antiquum
2284 4180 2469 4218 nomen
2514 4164 2830 4230 retinuisset,

606 4241 908 4315 Tyrrhenos
941 4242 1220 4322 Pelasgos,
1259 4244 1480 4315 efficere,
1519 4253 1579 4303 ut
1622 4247 1915 4303 memoriam
1960 4250 2249 4304 communis
2293 4247 2512 4324 originis
2555 4245 2829 4323 adsperna-

605 4335 797 4385 rentnr.
840 4321 847 4330 ’
881 4325 969 4384 Ad
1011 4345 1141 4404 quas
1181 4330 1235 4384 in
1278 4325 1606 4387 adnotatione
1646 4328 1775 4387 haee
1815 4327 2030 4387 adiecit:
2085 4332 2192 4389 Die
2232 4329 2474 4389 Athenai·
2516 4334 2829 4390 beo-acmen

492 4456 505 4480 ι
605 4414 727 4510 siclt
766 4415 1023 4476 iudanon
1061 4415 1253 4478 immor
1292 4416 1381 4480 ale
1412 4416 1733 4480 Ver-wanda
1762 4417 1862 4478 aer
1881 4415 2157 4486 Arkader,
2198 4415 2471 4483 aadurch,
2515 4420 2648 4479 dass
2675 4417 2828 4478 baiae
2859 4416 2867 4425 '
