3192 4992
658 352 785 422 112
1029 350 1035 357 ·
1175 334 2271 417 *nemmemrnnm‘ns

657 520 840 642 quod
893 520 1011 596 isti
1071 518 1343 594 deornm
1392 517 1853 619 Olympiorum
1920 527 1991 595 et
2042 515 2355 618 Typhoei
2403 541 2881 594 commemora-

655 624 864 716 tioni,
927 645 1094 719 quae
1141 629 1419 720 propter
1466 631 1769 716 caetera,
1819 646 1954 696 non
2003 635 2269 696 caetera
2313 619 2590 721 propter
2635 621 2879 717 ipsam,

657 725 916 798 adiecta
965 731 1096 816 est,
1145 724 1267 796 illa
1316 731 1580 797 caetera
1629 722 2118 798 accommodata
2168 747 2317 797 esse
2369 730 2596 797 censet
2632 721 2881 796 Disse-

653 826 847 917 nius,
895 833 967 899 et
1014 825 1112 898 ita
1163 824 1461 922 quidem,
1514 833 1590 897 ut
1640 826 1947 923 qnoniam
1993 848 2198 922 aegre
2246 848 2290 898 a
2337 823 2685 898 Boeckhio
2736 825 2881 911 dis-

655 927 904 1001 sentire
954 926 1176 1019 audet,
1227 950 1356 1000 non
1411 950 1602 999 omne
1650 927 1892 999 bellum
1909 977 1934 1018 ,
1985 926 2103 1000 sed
2155 949 2236 999 ea
2282 933 2537 999 tantum
2585 926 2760 998 bella
2808 933 2882 999 et

656 1028 980 1120 facinora,
1032 1050 1199 1125 quae
1234 1026 1547 1125 Typhoia
1596 1036 1813 1101 mente
1860 1028 2047 1119 fiant,
2099 1027 2468 1101 dissuaderi
2515 1027 2878 1100 existimat.
2958 1057 2969 1066 ·

658 1129 815 1204 Non
865 1129 1327 1203 dissuadentur
1388 1128 1565 1202 bella
1626 1131 1770 1203 ullo
1820 1128 2016 1203 modo
2029 1179 2058 1223 ,
2122 1128 2244 1203 sed
2303 1129 2611 1202 landatur
2654 1130 2877 1226 potius

605 1249 616 1268 ⁸
659 1231 906 1305 bellica
956 1231 1162 1304 virtus
1176 1281 1204 1322 ,
1268 1239 1466 1326 atque
1516 1230 1724 1322 adeo,
1789 1231 1849 1304 si
1895 1231 2110 1304 Hiero
2158 1240 2299 1304 tum
2346 1230 2758 1328 aegrotabat,
2801 1238 2916 1303 nt·

656 1334 805 1430 ipse
855 1357 989 1406 non
1037 1339 1267 1428 posset
1334 1332 1513 1405 bello
1579 1333 1753 1430 quod
1819 1333 2093 1430 gerebat
2140 1332 2464 1406 interesse
2479 1383 2504 1424 ,
2575 1332 2880 1405 laudatur

655 1443 875 1507 tamen
890 1485 916 1525 ,
969 1432 1143 1530 quod
1194 1457 1278 1505 ne
1327 1434 1555 1506 morbo
1609 1434 1869 1531 quidem
1920 1434 2000 1507 ab
2052 1435 2303 1507 auxilio
2352 1433 2880 1531 periclitantibus

656 1534 975 1608 mittendo
1027 1535 1466 1607 abstrabatur.
1564 1534 1818 1608 Mirum
1866 1536 2168 1634 profecto
2221 1545 2361 1628 est,
2427 1536 2880 1633 planissimum

654 1636 851 1714 huius
902 1635 1208 1709 carminis
1260 1645 1713 1734 argumentum
1762 1638 1972 1710 latere
2023 1637 2356 1734 potuisse,
2411 1657 2605 1734 quum
2652 1648 2877 1735 poeta,

656 1737 1286 1936 ἓζὲεὲζὼζῃέῗέθῖἐ
1327 1738 1482 1937 Ῑξέἒ
1517 1738 2457 1938 tssfflffififflssffiss
2503 1736 2881 1937 ςέἒᾞιὲἰῖᾶ

2425 1891 2451 1931 9

655 1940 831 2014 velle
879 1948 1104 2037 potest
1196 1963 1348 2012 uam
1397 1941 1647 2035 dicere,
1698 1939 2035 2032 eithara,
2089 1943 2336 2016 eane?
2435 1941 2615 2034 Quid
2663 1951 2880 2014 antem

657 2048 854 2115 canat
903 2042 1158 2115 cithara
1310 2040 1564 2141 Nempe
1630 2042 1807 2140 quod
1857 2042 2077 2116 debet.
2180 2043 2357 2134 Quid
2416 2044 2617 2117 debet
2663 2051 2881 2116 autem

656 2136 951 2217 canere?
1047 2142 1315 2241 Ecquid
1363 2168 1521 2216 vcro
1583 2144 1656 2216 id
1705 2144 1886 2216 aliud
1937 2168 2086 2217 esse
2135 2154 2399 2242 potest,
2466 2169 2657 2243 quam
2706 2143 2881 2217 Hie-
3002 2192 3007 2196 -

597 2279 602 2286 ·
656 2245 843 2319 ronis
878 2243 1165 2317 Aetnaei
1215 2239 1549 2320 victoria?
1634 2245 1830 2338 Quod
1880 2254 2331 2342 argumentum
2385 2271 2580 2344 quum
2629 2246 2888 2345 triplex

659 2347 788 2439 sit,
852 2347 1196 2443 possitque
1248 2357 1362 2420 aut
1406 2347 1621 2421 Hiero
1672 2347 1929 2421 laudari
1942 2399 1970 2440 ,
2040 2356 2155 2421 aut
2204 2349 2484 2422 victoria
2535 2348 2677 2422 eius
2690 2399 2716 2440 ,
2767 2356 2882 2421 aut

657 2471 825 2546 quae
879 2449 1121 2521 victrirr
1170 2448 1250 2521 ab
1303 2473 1383 2521 eo
1433 2449 1818 2523 renunciata
1867 2459 1971 2522 est
2002 2473 2176 2523 nova
2208 2450 2366 2523 urbs
2401 2451 2658 2523 Aetna.
2711 2449 2881 2522 illud

656 2550 941 2624 maxime
1010 2558 1516 2623 consentaneum
1588 2559 1770 2642 erat,
1854 2560 1929 2623 ut
2005 2552 2232 2624 urbem
2301 2575 2442 2623 eam
2516 2552 2882 2624 celebraret

655 2658 883 2747 poeta,
936 2651 1045 2724 cui
1091 2651 1520 2722 illustrandae
1568 2651 1700 2724 hoc
1750 2650 2021 2724 dederat
2045 2653 2285 2742 Hiero,
2340 2661 2412 2726 ut
2444 2677 2534 2726 se
2583 2677 2714 2725 non
2746 2650 2882 2749 Sy·

656 2774 1072 2839 racusanum,
1130 2749 1248 2823 sed
1295 2751 1667 2823 Aetnaeum
1691 2753 2113 2871 ‘proclamari
2158 2754 2440 2827 iuberet.
2540 2753 2626 2826 Id
2674 2754 2883 2851 igitur

656 2851 820 2925 fecit
880 2849 1236 2924 Pindarus.
1362 2849 1534 2923 Nam
1596 2852 1973 2925 universum
2051 2855 2358 2928 carminis
2427 2865 2881 2953 argumentum

656 2952 810 3026 hac
834 2951 1210 3025 continetur
1273 2953 1639 3026 sententia·
1723 2951 2073 3046 cithara,
2145 2981 2346 3031 eane
2407 2954 2675 3031 urbem
2724 2955 2878 3031 Ae·

659 3065 905 3144 tuam,
937 3055 1421 3130 illustratam
1455 3055 1788 3132 victoria
1801 3055 2194 3149 Hieronis,
2232 3070 2570 3160 aptaque
2598 3061 2678 3133 ei
2699 3051 2878 3133 edn-

566 3153 1060 3245 llic-ordiam,
1074 3179 1379 3256 paoem,
1486 3179 1617 3229 ros
1603 3157 2042 3258 paritatem,
2091 3161 2529 3260 iusumque
2576 3172 2658 3234 et
2700 3157 2880 3236 libe·

621 3259 836 3334 ναῖε
878 3258 1311 3358 imperim.
1412 3182 1666 3330 §ip
1482 3259 1599 3330 hil
1650 3258 1755 3331 bis
1803 3260 2091 3357 planius,
2143 3262 2310 3334 nihil
2361 3262 2751 3359 simplicius.-

857 3357 1004 3431 Iam
1053 3383 1210 3433 vero
1264 3359 1682 3432 ostendamus
1733 3361 2056 3479 quomodo
2090 3363 2258 3436 haec
2290 3365 2715 3462 exposuerit
2696 3363 2880 3437 Pin-

658 3461 883 3534 dams.
986 3457 1325 3533 Citharam
1374 3461 1776 3557 alloquutus,
1827 3464 2207 3560 priusquam
2257 3489 2457 3539 cane
2490 3465 2715 3558 dicat,
2734 3467 2878 3538 vim

657 3562 803 3635 eius
854 3561 1207 3655 describit,
1280 3586 1409 3660 qua
1458 3571 1765 3646 cantores
1825 3573 1897 3636 et
1945 3566 2214 3640 chorum
2262 3574 2493 3663 regat,
2560 3567 2879 3666 ipsosque

551 3673 554 3676 ’
656 3664 881 3760 placet
930 3662 1117 3735 deos.
1215 3664 1469 3761 Aperte
1520 3665 1686 3738 baec
1732 3666 1803 3737 in
1851 3666 2108 3740 laudem
2162 3676 2316 3740 sunt
2345 3668 2637 3741 citharae
2671 3669 2878 3763 dicta,
2990 3691 2993 3698 ¹

658 3788 786 3837 nec
834 3763 929 3838 dii
978 3764 1329 3862 quidquam
1375 3765 1744 3864 principale
1795 3776 1985 3861 sunt,
2057 3767 2176 3841 sed
2222 3770 2638 3843 nominantur
2688 3771 2880 3844 dnm-

659 3870 875 3958 taxat,
925 3874 1000 3938 ut
1050 3866 1438 3939 ostendatur
1485 3868 1693 3940 virtus
1745 3870 1908 3942 artis
1958 3871 2284 3944 musicae·
2338 3872 2421 3945 ob
2454 3872 2878 3972 eamdemque

659 3990 959 4044 caussam
1010 3969 1206 4040 etiam
1258 3968 1545 4061 additur,
1598 3970 1952 4043 abhorrere
2002 3996 2043 4044 a
2094 3981 2314 4066 cantu,
2369 3973 2691 4070 quidquid
2710 3974 2877 4047 rude

658 4092 742 4142 ac
757 4057 999 4141 ferum
1049 4069 1174 4141 sit·
1151 4120 1175 4160 ,
1229 4094 1554 4169 quumque
1578 4072 1860 4145 Aetnam
1903 4074 2126 4146 urbem
2157 4084 2501 4148 ornaturus
2531 4076 2621 4149 sit
2646 4084 2875 4174 poeta,

658 4177 959 4246 numerat
1001 4168 1078 4243 iu
1115 4171 1231 4243 his
1264 4170 1685 4270 Typhoeum,
1739 4175 1921 4266 olim,
1973 4200 2057 4248 ne
2090 4174 2385 4249 Homero
2436 4173 2874 4271 contradicat,

658 4271 731 4346 in
759 4269 1004 4345 Cilicio
1034 4279 1223 4345 antro
1253 4274 1612 4370 sepultum,
1662 4300 1836 4349 nunc
1866 4276 2189 4372 iacentem
2229 4278 2349 4350 sub
2379 4287 2599 4352 monte
2625 4279 2873 4373 Aetna,

660 4372 1108 4471 flammasque
1145 4382 1543 4449 evomentem
1559 4427 1587 4470 ,
1669 4400 1831 4473 quas
1907 4387 2206 4475 propter
2255 4388 2587 4454 recentem
2649 4381 2873 4479 magni
