3192 4992
620 353 750 421 316
1251 354 1354 417 DE
1393 353 1766 415 AESCHYLI
1804 351 2200 414 AETNAEIS.
2329 389 2350 404 .

468 553 473 564 ¹
582 517 1120 610 ’συνοικίζουσι
1165 516 1305 615 τὴν
1351 513 1589 595 πόλιν.
1703 517 1816 591 Ita
1876 526 2016 591 tres
2065 517 2331 592 codices
2395 542 2520 615 pro
2574 517 2839 614 vulgato

618 621 755 705 τὰς
800 624 1106 709 Αἴτνας,
1168 646 1292 719 pro
1345 622 1578 719 quihus
1630 620 1873 692 verbis·
1898 620 2112 693 codex
2164 619 2725 715 Guelferbytanus
2773 626 2841 691 et

619 724 822 796 editio
872 722 1251 795 Rohortelli
1312 718 1515 797 πάνυ
1562 727 1938 818 λαμπρῶς.
2049 720 2134 793 Id
2199 720 2459 818 quidem
2508 721 2840 824 pertinere

610 821 878 897 ‘videtur
928 824 1008 896 ad
1062 820 1628 926 ἀγωνιζόμενος,
1681 823 1854 919 quod
1891 848 2016 920 pro
2058 817 2576 916 οἰωνιζόμενος
2610 823 2678 894 in
2718 846 2841 893 co·-

621 926 767 998 dice
817 926 1207 1019 Augustano
1259 934 1386 997 est.
1505 926 1613 1002 Ac
1662 924 1997 996 Palmerio
2061 926 2131 996 in
2186 925 2481 996 auctario
2534 922 2840 996 emenda-

619 1028 867 1100 tionum
919 1026 1238 1122 Hesychii
1303 1027 1388 1100 ad
1439 1026 1536 1099 T.
1586 1025 1654 1097 I.
1717 1051 1788 1122 Ρ.
1842 1029 2033 1118 233,
2106 1030 2226 1101 12.
2293 1026 2629 1106 Aetnaeas
2677 1049 2838 1121 pro-

621 1129 802 1201 banti
864 1128 1005 1200 fere
1068 1129 1326 1200 assensi
1389 1136 1545 1201 sunt
1610 1128 1740 1199 viri
1806 1127 2024 1220 docti,
2090 1137 2167 1200 ut
2215 1126 2704 1199 Valckenarius
2753 1125 2838 1198 ad

618 1230 857 1325 fragm.
909 1227 1175 1302 Gallim.
1226 1255 1298 1326 Ρ.
1357 1232 1527 1305 175.
1578 1228 1990 1302 Welckerus
2052 1229 2122 1301 in
2174 1228 2491 1324 Trilogia
2539 1254 2612 1326 Ρ.
2665 1228 2840 1303 566.

619 1332 890 1427 aliique.
989 1330 1097 1404 Ac
1158 1332 1418 1403 videtur
1482 1354 1640 1402 sane
1704 1331 1835 1403 hoc
1899 1330 2060 1403 satis
2130 1331 2594 1404 communitum
2660 1353 2835 1420 esse,

619 1441 693 1504 ut
743 1433 1011 1505 chorum
1078 1457 1164 1505 ex
1225 1432 1605 1504 mulieribus
1653 1430 1971 1504 Aetnaeis
2036 1432 2241 1504 fuisse
2304 1431 2662 1529 putandum
2726 1431 2841 1501 sit.

620 1533 962 1631 Quumque
980 1534 1261 1608 Aetnam
1281 1533 1564 1607 condere
1583 1534 1946 1606 instituerit
1964 1533 2175 1605 Hiero
2192 1532 2462 1631 Olymp.
2479 1529 2843 1604 LXXVI.
2937 1535 2946 1542 ’

623 1639 693 1710 1.
746 1636 941 1707 etiam
994 1661 1123 1731 quo
1175 1645 1470 1732 tempore
1510 1634 1700 1722 ‚edita
1749 1636 1838 1707 sit
1882 1635 2101 1707 fabula
2137 1634 2379 1707 coniici
2429 1642 2688 1731 potest:
2759 1632 2840 1705 de

621 1760 748 1833 qua
799 1761 871 1808 re
938 1737 1091 1832 quid
1144 1737 1303 1809 mihi
1353 1736 1726 1828 videretur,
1792 1737 1935 1808 dixi
1995 1738 2065 1809 iu
2115 1737 2278 1808 diss.
2329 1734 2434 1807 II.
2501 1735 2584 1807 de
2633 1736 2841 1808 choro

618 1836 1059 1909 Eumenidum
1121 1863 1192 1933 Ρ.
1250 1841 1370 1912 13.
1451 1835 1710 1935 Opusc.
1767 1840 1899 1909 vol.
1952 1836 2052 1917 II.
2105 1863 2175 1933 Ρ.
2234 1839 2405 1912 150.
2484 1838 2708 1909 Aliter
2758 1836 2842 1908 de

619 1936 873 2011 Siculis
936 1939 1280 2020 itineribus
1359 1939 1677 2035 Aeschyli
1742 1941 1974 2012 statuit
2037 1939 2308 2011 Theod.
2368 1937 2709 2037 Bergkius
2768 1938 2841 2010 iu

617 2041 1133 2114 Zimmermanni
1198 2042 1450 2113 diurnis
1513 2042 1902 2138 antiquariis
1966 2065 2031 2114 a.
2102 2043 2326 2117 1835.
2388 2067 2480 2113 m.
2553 2038 2841 2113 Octobr.

616 2141 740 2214 fol.
796 2143 968 2218 119.

568 2283 620 2355 4
706 2353 711 2360 ,
818 2274 1223 2374 Fragmenta
1299 2278 1681 2372 tragoediae
1749 2302 2021 2350 numero
2099 2301 2430 2374 perpauca
2498 2277 2839 2369 hahemus,

617 2402 824 2475 eaquc
874 2388 1140 2476 praeter
1181 2404 1377 2452 unum
1420 2381 1489 2451 iu
1517 2381 1664 2452 sola
1699 2380 2120 2477 quorumdam
2155 2379 2621 2452 vocabulorum
2656 2404 2842 2451 com-

614 2482 1083 2552 memoratione
1136 2482 1393 2577 posita‚
1465 2492 1539 2553 ut
1602 2481 1686 2553 de
1736 2490 2120 2580 argumento
2169 2505 2254 2553 ne
2307 2479 2642 2553 divinandi
2689 2481 2841 2577 qui-

615 2581 763 2655 dem
812 2583 1047 2654 relicta
1095 2584 1186 2654 sit
1234 2584 1452 2678 copia.

816 2714 1189 2808 Hesychius
1233 2724 1301 2786 et
1330 2714 1700 2787 Favorinus
1754 2712 2058 2809 αἷμοί,
2110 2712 2420 2813 δρυμοί·
2470 2711 2841 2812 Αἰσχύλος

603 2813 1023 2898 Αἰτναίαις.
1140 2813 1424 2906 Suida8‚
1495 2818 1683 2888 cuius
1745 2819 2036 2913 glossam
2102 2819 2323 2891 omisit
2372 2817 2832 2892 Gaisfordiusz

614 2913 949 3011 αἱμοὺς
996 2913 1130 2999 τὰς
1179 2912 1496 3012 δρόσους
1546 2916 1777 3015 φησὶν
1827 2917 1867 2991 ὃ
1896 2916 2286 3014 Αἰσχύλος.
2386 2918 2553 2992 Cum
2606 2945 2687 2991 co
2731 2919 2837 2990 fa·-

614 3042 765 3090 cere
818 3018 1016 3091 etiam
1066 3020 1333 3091 lexicon
1382 3019 1560 3116 Reg.
1615 3021 1756 3092 Ms.
1796 3021 2139 3093 Alhertius
2189 3021 2504 3095 indicavit
2554 3021 2635 3092 ad
2687 3021 2836 3093 He-

612 3119 930 3218 'sychium-
1035 3117 1316 3193 Scilicet
1364 3121 1663 3194 Zoraras
1724 3147 1795 3220 Ρ.
1846 3124 1974 3199 69.
2040 3121 2375 3218 αἱμοὺς
2434 3119 2609 3205 τοὺς
2657 3117 2836 3219 δρό-

518 3311 523 3320 .
613 3244 790 3304 σους
839 3221 1025 3322 λέγει
1074 3218 1114 3294 ὅ
1165 3220 1551 3317 Αἰσχύλος.
1655 3222 1904 3296 Veram
1957 3250 2102 3297 cum
2153 3224 2491 3320 Hesychio
2543 3224 2836 3321 scriptu·-

608 3347 749 3395 ram
799 3325 1071 3419 praehet
1134 3327 1594 3422 grammaticus
1646 3326 1715 3396 in
1765 3324 2067 3398 Bekkeri
2116 3326 2479 3406 Anecdotis
2531 3352 2601 3423 Ρ.
2654 3328 2831 3420 366,

613 3427 736 3499 30.
790 3434 860 3497 et
907 3426 977 3496 iu
1028 3425 1434 3498 Bachmauni
1485 3429 1621 3498 vol.
1673 3424 1737 3498 I.
1790 3452 1860 3525 Ρ.
1913 3428 2038 3519 49,
2094 3430 2217 3501 24.
2273 3426 2612 3521 αἱμούς
2658 3425 2833 3510 τοὺς

611 3521 944 3621 δρυμοὺς
990 3523 1380 3620 Αἰσχύλος,
1430 3529 1610 3610 ἴσως
1660 3526 1806 3602 ἀπὸ
1855 3535 1992 3602 τοῦ
2043 3528 2314 3618 αὐτοῦ,
2369 3529 2507 3626 ἀφ’
2567 3522 2659 3603 οὗ
2706 3527 2832 3604 καὶ

608 3624 655 3721 ἦ
707 3625 1020 3720 αἱμασιὰ
1068 3627 1423 3723 κέκληται.
1525 3628 1921 3702 Eustathius
1985 3657 2057 3729 Ρ.
2115 3635 2352 3723 1851,
2421 3634 2547 3707 26.
2619 3634 2825 3726 (676,

608 3729 684 3803 6.
738 3729 845 3800 ed.
896 3729 1059 3801 Bas.
1129 3754 1295 3826 quae
1363 3756 1707 3828 operarum
1772 3756 1995 3804 errore
2060 3743 2166 3804 est
2226 3735 2439 3832 674.)
2506 3732 2825 3829 ἀλλαχοῦ

608 3826 691 3905 δὲ
742 3828 1039 3925 φέρεται
1102 3830 1228 3904 καὶ
1294 3829 1408 3904 ὅτι
1473 3831 1836 3925 αἱμασιὰν
1886 3831 2201 3908 Ἀττικοὶ
2264 3833 2390 3909 καὶ
2440 3835 2683 3918 Ἴωνες
2741 3830 2825 3908 τὸ

607 3929 881 4026 τειχίον
928 3932 1149 4028 φασί·
1225 3930 1310 4006 τὸ
1362 3930 1443 4006 δὲ
1496 3933 1773 4031 ἔδαφος
1824 3933 2008 4010 αὐτὸ
2059 3934 2389 4029 Δωριέας
2439 3934 2646 4032 οἶμαι
2694 3963 2830 4010 κα-

609 4038 782 4107 λεῖν.
847 4031 974 4106 καὶ
1025 4031 1136 4106 ὅτι
1187 4036 1451 4130 αἱζιιους
1498 4035 1673 4120 τοὺς
1722 4033 2050 4132 δρόμους
2115 4038 2248 4131 (sic
2297 4038 2493 4131 haec)
2544 4033 2825 4133 Αἰσχύ-

522 4186 531 4194 ›
607 4139 732 4218 λος
780 4132 989 4234 λέγει,
1039 4137 1255 4223 ἴσως,
1328 4136 1602 4233 φασίν,
1671 4137 1817 4212 ἀπὸ
1867 4150 2004 4213 τοῦ
2054 4138 2314 4229 αὐτοῦ,
2367 4139 2500 4239 ἀφ’
2561 4133 2653 4214 οὗ
2699 4136 2826 4214 καὶ

602 4234 649 4334 ἡ
701 4231 1017 4335 αἱμασιᾶ
1059 4236 1414 4334 κέκληται.

802 4370 1178 4470 Hesychius
1192 4398 1216 4444 z
1282 4371 1332 4445 ἆ
1346 4400 1396 4449 ν
1411 4401 1459 4450 α
1475 4375 1518 4458 ’ξ
1524 4370 1556 4446 ι’
1568 4400 1618 4448 α
1632 4400 1681 4448 ν
1691 4429 1718 4464 ,
1785 4371 2195 4470 βασιλείαν.
2271 4371 2639 4471 Αἰσχύλος
2683 4378 2822 4449 Αἰ-
