3192 4992
766 329 870 392 DE
910 330 1204 396 AESCHY
1205 330 1282 392 LI
1321 330 1699 394 TRILOGIIS
1740 330 2134 396 THEBANIS.
2451 327 2574 402 191

217 541 230 556 κ
356 498 644 589 ciebam,
713 495 843 570 etsi
892 494 1170 594 Septem
1220 495 1303 570 ad
1356 496 1632 572 Thebas
1683 496 1939 572 mediae
1986 494 2367 593 tragoediae
2416 475 2577 595 spe-

354 600 517 674 ciem
580 598 823 674 hahere
894 598 1307 689 viderentur,
1389 606 1606 674 tamen
1670 598 1957 672 fortasse
2018 599 2278 671 tertiam
2341 598 2574 694 fuisse,

313 700 758 798 'praegressis
808 697 988 772 Laio
1042 706 1110 780 et
1161 696 1552 795 Oedipode,
1604 698 1675 773 id
1730 700 1840 774 vix
1890 700 2158 772 defendi
2205 723 2405 795 posse
2456 726 2575 797 po·

350 810 491 874 stea
537 801 871 882 intellexi.
971 797 1098 873 Fr.
1151 800 1219 878 T
1223 800 1296 874 h..
1345 800 1758 876 Welckerus
1773 852 1799 894 ,
1873 802 1989 897 qui
2034 802 2106 872 in
2157 801 2332 875 libro
2384 825 2576 897 quem

346 902 426 975 de
477 903 751 1000 trilogia
783 902 1054 999 scripsit
1080 899 1352 993 Laium,
1405 900 1805 999 Sphingem,
1857 901 2192 999 Oedipum
2223 926 2354 976 una
2391 927 2578 975 eom-

342 1004 658 1080 missione
710 1003 1077 1095 coniunxit,
1130 1011 1398 1100 praeter
1436 1003 1608 1078 hanc
1642 1003 1804 1080 duas
1834 1005 2002 1078 alias
2039 1002 2122 1076 de
2155 1003 2350 1078 rebus
2381 1004 2578 1078 The-

341 1104 531 1180 banis
596 1106 902 1201 trilogias
969 1104 1049 1176 ab
1097 1105 1434 1201 Aeschylo
1499 1104 1711 1180 factas
1778 1104 2204 1180 existimavit.
2322 1102 2576 1180 Earum

340 1207 1104 1399 sstg'ssssjfflsszeiisss
1121 1205 2576 1405 fmssippssffiffinffneffiigatffifflffl
2706 1333 2713 1342 -

307 1432 484 1504 „rum
538 1409 1051 1484 Phoenissarum
1103 1409 1188 1482 ad
1240 1409 1405 1484 alias
1458 1433 1650 1506 quam
1713 1410 1795 1484 ad
1849 1410 2206 1483 Thebanos
2256 1431 2365 1482 res
2415 1434 2575 1506 per·-

339 1510 556 1584 tinere
620 1512 946 1607 potuisse.
1066 1508 1134 1583 Ν
1136 1536 1221 1584 on
1285 1509 1452 1583 illud
1518 1536 1647 1608 ego
1715 1511 1976 1607 quidem
2041 1509 2380 1607 suspicer,
2452 1512 2573 1586 sed

193 1605 196 1614 “
338 1610 473 1686 hoc
523 1613 772 1709 potius,
824 1612 1257 1708 Euripideum
1308 1614 1643 1688 inventum
1679 1636 1827 1686 esse
1859 1612 2373 1690 Phoenissarum
2408 1613 2574 1688 eho·-

337 1736 518 1804 mm,
567 1713 968 1812 aeschylum
1020 1737 1176 1790 vero
1229 1739 1360 1788 non
1411 1723 1543 1790 tam
1596 1738 1684 1790 ex
1732 1715 2095 1811 longinquo
2147 1738 2360 1811 neque
2412 1738 2574 1794 casu

337 1823 725 1910 praesentes
777 1815 891 1911 qui
943 1815 1209 1888 chorum
1263 1822 1537 1911 agerent
1586 1815 2015 1890 adducturum
2058 1816 2289 1892 fuisse.
2393 1815 2572 1906 Quin

336 1939 425 1987 ne
478 1924 729 1990 certum
779 1915 1039 2012 quidem
1089 1924 1231 2007 est,
1298 1917 1650 2013 scripsisse
1698 1919 2107 2014 Aeschylum.
2162 1918 2567 2014 tragoediam

217 2093 234 2102 ,
338 2040 508 2112 quae
575 2016 753 2092 dicta
812 2017 1014 2090 fuerit
1076 2016 1512 2094 Phoenissae.
1635 2016 1803 2094 Nam
1868 2028 2326 2116 praeterquam
2380 2017 2572 2114 quod

334 2118 507 2189 illud
556 2141 794 2190 nomen
843 2143 974 2190 nou
1027 2127 1131 2190 est
1177 2119 1247 2190 in
1296 2118 1515 2191 indice
1567 2119 1960 2213 fabularum,
2011 2120 2264 2194 Pollux
2307 2121 2420 2216 qui
2453 2144 2572 2194 so·-

335 2219 445 2294 lus
497 2243 642 2294 eam
691 2228 1037 2310 memorat,
1082 2245 1279 2315 quum
1329 2221 1591 2296 omnino
1646 2245 1778 2296 nou
1828 2223 2114 2318 optimus
2165 2229 2397 2294 auctor
2439 2213 2622 2312 est,4

334 2328 477 2396 tum
532 2321 659 2396 hec
707 2322 778 2394 iu
829 2321 1206 2394 testimonio
1277 2322 1424 2416 ipse
1490 2343 1677 2394 suam
1726 2320 1921 2392 fidem
1973 2323 2213 2396 elevat.
2313 2318 2573 2396 Scribit

334 2422 457 2496 ille
509 2420 689 2496 VII.
741 2419 973 2498 91.-ἃ
1026 2418 1107 2494 δὲ
1159 2414 1420 2498 πόδεια
1470 2417 1776 2518 Κριτίας
1823 2424 2064 2509 καλεῖ,
2130 2423 2271 2496 εἴτε
2318 2418 2576 2505 πίλους

336 2521 539 2604 αὐτὰ
591 2520 874 2617 οἰητέον
924 2524 1065 2596 εἴτε
1113 2516 1629 2617 περιειλήματα
1678 2518 1962 2610 ποδῶν,
2019 2529 2259 2598 ταῦτα
2306 2520 2575 2602 πίλυν-
2692 2577 2699 2588 2

334 2647 485 2723 τρα
530 2628 742 2700 καλεῖ
786 2625 868 2698 ἐν
920 2621 1359 2705 Φοινίσσαις
1404 2616 1807 2715 Αἰσχύλος),

594 2772 937 2875 πέλοντο*
995 2774 1293 2869 ἔχουσιν
1340 2770 1673 2855 εὗθὲτοις
1721 2773 1804 2848 ἐν
1854 2766 2240 2872 ἀρβύλαις.

338 2924 575 3000 Codex
629 2925 978 3000 Palatinus
1030 2926 1272 3002 omittit
1321 2926 1403 3000 ἐν
1454 2921 1921 3007 Φοινίσσαις.
2023 2922 2165 2998 Sed
2219 2926 2347 3000 etsi
2396 2926 2572 3002 idem

331 3024 593 3108 Pollux
648 3028 818 3102 haee
870 3027 1258 3100 confirmare
1307 3026 1566 3104 videtur
1617 3025 1721 3102 ΙΙ.
1778 3027 1949 3104 196.
2015 3026 2128 3100 ubi
2179 3026 2378 3102 dicit:
2445 3027 2574 3103 καὶ

334 3127 604 3204 mista
656 3125 738 3208 δὲ
790 3126 965 3214 τοὺς
1012 3125 1178 3222 περὶ
1224 3132 1377 3212 τοῖς
1424 3125 1601 3204 ποσὶ
1649 3126 1905 3209 πίλους
1952 3123 2281 3224 Κριτίας,
2332 3126 2380 3200 ἃ
2431 3133 2573 3202 Ai-

337 3226 609 3324 σχύλος
671 3229 1041 3326 πέλυντρα
1100 3232 1341 3304 καλεῖε
1421 3236 1639 3302 tamen
1703 3230 1806 3302 X.
1858 3230 1983 3305 50.
2049 3253 2177 3326 pro
2237 3228 2570 3323 Aeschylo

337 3330 751 3428 Sophoclem
801 3332 1118 3422 nominat,
1172 3331 1504 3404 scribensz
1575 3328 1625 3403 ἃ
1678 3327 1759 3405 δὲ
1790 3328 2080 3408 ὑπεῖναι
2129 3326 2266 3416 δεῖ,
2317 3326 2572 3419 norim,

337 3431 626 3519 πίλους,
675 3431 1075 3528 πέλυντρα·
1144 3429 1339 3508 οὕτω
1389 3429 1540 3532 γὰρ
1572 3438 1968 3530 Σοφοκλῆς
2015 3428 2111 3504 τὰ
2161 3427 2389 3506 adona
2435 3459 2574 3506 m·-

341 3540 466 3608 λεῖ.
576 3534 750 3610 Tam
804 3535 1000 3610 dubia
1048 3559 1123 3610 re
1190 3535 1335 3629 quis
1386 3559 1562 3625 non,
1629 3535 1687 3608 si
1737 3534 1958 3608 fabula
2008 3539 2189 3608 reete
2237 3534 2573 3608 nominata

342 3645 469 3727 est,
527 3659 612 3707 ex
664 3634 1026 3730 Phrynichi
1087 3637 1308 3732 potius
1357 3634 1749 3707 Phoenissis
1801 3642 2124 3730 sumptum
2176 3657 2324 3707 csse
2373 3635 2572 3712 istum

342 3761 607 3816 versum
659 3737 1068 3833 suspicetur,
1139 3738 1210 3810 ia
1278 3737 1511 3832 quibus
1576 3738 1784 3816 multo
1837 3735 2218 3810 credibilius
2269 3742 2374 3809 est
2423 3760 2571 3809 eum

343 3840 635 3934 pesitum
683 3839 916 3928 fuisse,
970 3863 1160 3933 quam
1200 3839 1268 3909 in
1302 3837 1523 3912 fabula
1558 3836 1807 3933 Oedipi
1840 3860 1951 3914 res
1984 3829 2363 3912 tractante?
2427 3836 2572 3912 Sed

347 3939 756 4018 Welckerus
807 3949 1023 4016 tamen
1073 3966 1144 4037 p.
1197 3941 1371 4018 366.
1425 3964 1612 4035 seqq.
1665 3938 1933 4028 statuit,
1986 3937 2331 4016 exordium
2378 3938 2577 4014 fabu-

347 4041 454 4116 lae
506 4042 914 4137 Aeschyleae
964 4050 1077 4116 aut
1127 4042 1397 4116 chorum
1438 4040 1956 4119 Phaeaiasarum
2007 4046 2121 4112 aut
2162 4038 2568 4136 Antigonam
2716 4093 2721 4098 -

348 4141 606 4231 facere3
673 4167 760 4220 ex
812 4143 1138 4235 conclavi,
1184 4143 1254 4218 in
1294 4167 1442 4238 quo⁴
1464 4144 1817 4218 conclusus
1853 4164 1893 4212 a
1938 4140 2097 4216 filiis
2136 4140 2360 4232 fuerit,
2415 4161 2572 4215 cae-

350 4267 500 4324 cum
546 4252 798 4340 patrem
825 4243 1159 4341 Oedipum
1209 4243 1289 4315 ab
1319 4243 1661 4341 Antigona
1707 4246 1777 4328 in
1804 4244 2042 4324 ‚lucem
2090 4242 2391 4340 produci,
2443 4266 2571 4316 ex·-
2692 4253 2721 4276 ·’

348 4344 516 4440 pelli
564 4354 781 4422 autem
801 4366 809 4379 ·
830 4371 917 4418 ex
956 4346 1174 4442 patria
1215 4370 1258 4418 a
1286 4344 1603 4440 Creonte,
1656 4344 2216 4442 commigrareque
2245 4366 2394 4418 cum
2419 4344 2570 4420 Au-
