3192 4992
938 288 1039 353 ΒΕ
1078 285 1572 352 ΗΙΡΡΟΒΒΟΜΟ
1617 288 2077 355 amuco·
2493 290 2632 361 m

386 387 807 529 Parisiensis
841 456 978 528 vol.
1027 451 1320 527 XLIX
1370 481 1442 554 p.
1480 459 1671 545 222.
1771 454 1881 531 Ab
1925 399 2320 533 Alexandm
2375 457 2457 531 de
2509 457 2623 537 La

386 556 614 631 Borde
691 536 1029 654 profectus
1103 565 1206 629 est
1266 556 1531 657 Hirtius
1613 557 1682 629 iu
1763 556 2070 633 Historia
2135 558 2618 634 architecturae

387 660 524 733 vol.
573 657 717 730 III.
782 685 855 755 p.
912 659 1085 733 145
1152 680 1339 755 seqq.
1393 660 1527 731 tab.
1581 659 1807 751 ΧΧ.,
1876 684 2066 755 quem
2135 668 2450 756 sequutus
2514 674 2622 739 est

182 720 223 869 ΙΙ
314 772 323 782 ‘
384 758 480 835 Ο.
528 759 865 838 Miillerus
916 759 1002 831 ad
1052 759 1299 831 calcem
1348 758 1627 831 Pindari
1675 761 1757 831 ab
1810 759 2128 833 Dissenio
2183 763 2372 837 editi.

572 860 668 935 In
720 862 916 934 circis
944 860 1416 953 Romanorum,
1470 886 1746 959 qnorum
1794 849 2009 935 forma
2055 862 2385 959 oblongus
2437 865 2618 939 orbis

383 940 567 1054 erat,
633 986 765 1035 una
815 963 1184 1035 breviorum
1234 970 1730 1034 curvaturarum
1783 963 2120 1063 oppidum,
2190 964 2362 1061 quod
2414 991 2616 1039 voca·-

379 1065 611 1155 batur,
682 1060 1002 1156 habebat,
1076 1087 1377 1135 carceres
1431 1065 1815 1155 continens,
1888 1090 1975 1136 ex
2042 1066 2275 1161 quibus
2325 1068 2480 1163 equi
2529 1068 2666 1141 ad·

379 1188 640 1240 cursum
693 1166 1172 1239 emitterentur.
1288 1165 1393 1237 Ab
1458 1174 1742 1263 utraque
1789 1166 2017 1283 oppidi
2067 1176 2256 1262 parte
2306 1167 2620 1265 longiora

380 1269 544 1340 circi
593 1269 806 1338 latera
856 1267 1367 1385 procurrebant·
1432 1268 1609 1340 inter
1673 1291 1754 1339 ea
1815 1268 1886 1339 iu
1935 1268 2154 1359 medio
2207 1270 2400 1365 spina
2446 1296 2615 1367 por-

375 1368 742 1465 rigebatur,
816 1370 1002 1440 cuius
1054 1375 1353 1440 extrema
1402 1369 1713 1443 tenebant
1760 1375 1999 1441 metae.
2061 1367 2429 1445 Carceres
2481 1397 2612 1445 nu-

376 1495 558 1542 mero
612 1470 996 1542 duodecim.
1071 1469 1153 1540 ad
1220 1494 1481 1541 cursum
1547 1494 1678 1541 uno
1744 1471 1948 1541 missu
2022 1472 2322 1566 quaterni
2374 1497 2608 1547 currus

375 1572 825 1668 prodibant.
884 1569 1216 1644 Similiter
1295 1595 1518 1644 omnes
1592 1572 1790 1643 etiam
1871 1568 2292 1645 Graecorum
2363 1574 2609 1671 hippo-

377 1673 590 1745 dromi
639 1672 768 1744 duo
820 1673 1041 1770 longa
1072 1674 1284 1744 latera
1331 1671 1683 1764 habebant,
1735 1672 2026 1768 duasque
2067 1682 2303 1765 metas,
2357 1676 2602 1749 circum

378 1797 538 1870 quas
589 1774 1014 1846 flecterentur
1063 1774 1241 1869 equi.
1357 1771 1610 1870 Spinae
1675 1774 1802 1845 etsi
1853 1775 2098 1847 nullam
2151 1777 2448 1850 novimus
2496 1774 2654 1848 far-4

375 1885 547 1949 ctam
594 1877 989 1947 mentionem
1042 1899 1214 1966 esse,
1269 1881 1485 1946 tamen
1535 1875 1652 1947 vix
1703 1875 2123 1949 dubitandum
2162 1877 2416 1951 videtur
2446 1879 2606 1975 quin

371 1977 548 2048 iuter
593 1985 933 2073 utramque
985 1986 1223 2048 metam
1276 1976 1383 2049 vel
1432 2000 1642 2072 agger
1690 1977 1797 2048 vel
1850 1976 2027 2048 aliud
2093 1985 2348 2074 septum
2401 1980 2608 2053 fuerit

368 2078 868 2173 interpositum,
941 2078 1116 2175 quod
1166 2077 1550 2174 prohiberet
1599 2101 1684 2148 ne
1736 2078 1887 2172 equi
1907 2129 1932 2168 ,
2000 2077 2112 2147 ubi
2175 2088 2384 2155 metas
2434 2083 2619 2153 reli-

370 2179 693 2274 quissent,
740 2187 975 2274 spreto
1030 2180 1143 2251 vel
1199 2203 1496 2256 excusso
1536 2179 1883 2274 regimine,
1934 2202 2059 2275 per
2108 2179 2393 2255 medium
2445 2207 2603 2254 cur-

366 2281 564 2353 riculi
615 2282 899 2375 spatium
948 2281 1019 2351 in
1071 2278 1348 2352 alterum
1396 2280 1573 2351 latus
1626 2279 1960 2375 abrepti,
1997 2278 2259 2355 adversi
2308 2281 2379 2353 in
2430 2283 2604 2355 alios

366 2406 573 2476 equos
638 2382 1006 2471 irruerent,
1075 2405 1267 2476 quem
1332 2380 1413 2451 ad
1482 2380 1746 2453 modum
1798 2378 1881 2453 S.
1933 2379 2366 2476 Musgravius
2431 2384 2602 2457 illud

368 2479 730 2579 Sophoclis
778 2483 850 2553 in
897 2481 1178 2555 Electra
1229 2506 1293 2554 ι’.
1346 2482 1521 2556 725.
1571 2483 2043 2578 interpretatus
2096 2492 2280 2556 erat.

666 2634 913 2705 ἔπειτα
964 2629 1037 2705 δ’
1095 2636 1454 2714 Αἰνιᾶνος
1504 2630 1782 2730 ἀνδρὸς
1833 2632 2146 2726 ἄστομοι

668 2741 897 2807 πῶλοι
944 2731 1083 2831 βίᾳ
1133 2733 1517 2832 φέρουσιν,
1567 2737 1648 2808 ἐκ
1698 2732 1773 2807 δ’
1821 2731 2302 2832 ὑποστροφῆς

665 2835 967 2932 μέτωπα
1019 2834 1475 2930 συμπαίουσι
1523 2832 1930 2933 Βαρκαίοις
1980 2835 2197 2930 ὄχοις.

261 3022 267 3033 ·
363 2990 552 3082 Quae
618 2988 817 3060 verba
883 2987 1206 3084 quomodo
1271 2986 1708 3081 intelligenda
1770 2987 1942 3077 sint,
2033 2987 2103 3058 in
2170 2978 2596 3060 adnotatione

362 3090 446 3163 ad
498 3115 645 3163 eum
710 3091 930 3163 locum
982 3089 1337 3185 explicavi.
1459 3087 1655 3160 Nunc
1723 3088 1869 3182 quis
1935 3111 2069 3161 non
2134 3087 2354 3159 videat
2403 3090 2593 3184 paria

363 3216 513 3264 esse
565 3191 868 3265 debuisse
919 3192 1122 3287 longa
1169 3190 1290 3260 illa
1341 3189 1656 3261 curriculi
1705 3189 1943 3278 latera,
2018 3188 2278 3286 quando
2330 3190 2591 3285 quidem

362 3294 584 3369 sexies
665 3302 778 3365 aut
849 3293 1202 3365 duodecies
1274 3290 1519 3363 circum
1602 3298 1810 3361 metas
1894 3288 2283 3362 currendum
2356 3284 2589 3362 esset?

361 3394 761 3468 tantumdem
825 3395 998 3467 enim
1061 3395 1133 3465 in
1181 3400 1465 3489 utroque
1520 3392 1730 3465 latere
1783 3391 1983 3487 spatii
2036 3391 2115 3462 ab
2169 3415 2298 3461 una
2348 3391 2432 3461 ad
2482 3393 2589 3462 al·-

360 3505 568 3569 teram
617 3503 856 3567 metam
905 3497 995 3569 sit
1043 3519 1316 3569 necesse
1368 3500 1495 3565 est.
1595 3493 1693 3567 At
1740 3493 2007 3589 longius
2058 3492 2186 3563 fuit
2234 3492 2305 3564 in
2347 3489 2586 3586 Olym-

357 3599 551 3695 piaco
618 3597 1051 3694 hippodromo
1119 3597 1399 3667 alterum
1460 3595 1637 3667 latus
1716 3602 1885 3687 teste
1948 3591 2320 3685 Pausania,
2407 3595 2582 3690 quod
2697 3662 2703 3683 ,

359 3701 661 3772 dextrum
724 3699 931 3771 luisse
998 3723 1082 3773 ex
1138 3698 1278 3769 eius
1332 3680 1776 3795 descriptione
1830 3703 2130 3792 apparet.
2234 3694 2367 3786 Qui
2419 3719 2577 3768 vero

355 3802 633 3898 longius
686 3825 834 3873 esse
894 3793 1162 3896 potuit?
1262 3798 1638 3894 Triplieem
1703 3795 1894 3869 video
1960 3797 2305 3868 rationem.
2427 3796 2630 3869 Una

355 3913 485 3976 est
510 3927 700 3999 quam
751 3901 1136 3973 Alexander
1188 3899 1268 3972 de
1319 3899 1431 3973 La
1479 3899 1706 3970 Borde
1756 3898 2201 3994 excogitavit,
2273 3896 2577 3969 adscive-

272 4030 284 4052 ··
353 4013 634 4101 runtque
683 4005 840 4094 alii,
896 4004 1206 4101 oppidum
1257 4003 1594 4077 collocans
1648 4000 2019 4094 obliquum,
2072 4007 2146 4071 ut
2193 3998 2574 4094 prominen-

355 4106 487 4179 tius
534 4114 749 4197 esset,
818 4130 946 4202 qua
1012 4112 1198 4202 parte
1266 4104 1601 4175 sinistrum
1652 4102 2009 4195 marginem
2061 4098 2373 4173 curriculi
2423 4107 2608 4171 tan--

354 4214 580 4300 geret3
650 4207 1026 4297 reduetius,
1080 4230 1208 4302 qua
1260 4204 1598 4277 dextrum:
1669 4203 1842 4299 quod
1894 4201 2041 4277 fieri
2091 4226 2225 4274 non
2272 4200 2574 4295 potuisse

253 4368 264 4377 .
353 4309 524 4381 infra
574 4309 1057 4383 demonstrabo.
1174 4308 1408 4385 Altera
1473 4306 1726 4403 placuit
1777 4304 2130 4381 Viscoutio
2192 4303 2264 4377 iu
2325 4300 2568 4379 Museo
