3192 4992
1266 369 1826 484 ιὴιιιειηιιοιι.ς
2483 373 2612 441 aa?
2751 339 2760 350 ‘
2879 323 2888 344 Χ

384 538 505 636 qui
554 561 594 610 a
643 535 1044 612 secernendo
1110 544 1179 611 et
1238 538 1609 636 separando
1663 537 1908 612 dictum
1958 497 2106 631 esse
2155 536 2382 614 crium
2430 542 2609 616 iudi-

384 646 642 733 carunt,
693 640 814 712 illa
863 639 1216 712 ostendunt
1267 664 1331 711 v.
1383 641 1558 716 375.

582 789 794 888 Κρίῳ
845 787 919 864 δ’
979 764 1319 890 Εῧρυβίη
1366 788 1571 865 τέκεν
1620 791 1703 864 ἐν
1753 783 2085 917 φιλότητι
2133 795 2429 919 μιγεῖσα

570 886 988 990 ’Λστραῖόν
1035 921 1113 966 τε
1114 891 1399 1022 μέγαν
1426 886 1837 966 Πάλλαντά
1884 920 1988 980 τε,
2040 890 2169 966 δῖα
2222 887 2505 982 θεάων,

494 1073 501 1080 ,
584 992 891 1093 ΙΙέρσην
938 993 1061 1084 θ’,
1114 992 1194 1077 ὃς
1240 1021 1368 1067 και
1409 999 1593 1067 πᾶσι
1618 992 2058 1091 μετέπρεπεν
2091 990 2603 1094 ἰδμοσύνῃσιν.

379 1141 656 1220 Prolem
706 1143 853 1218 Grii
914 1144 1097 1219 dicit
1140 1155 1338 1243 poeta
1403 1153 1474 1219 et
1536 1146 1871 1219 stellatum
1936 1146 2188 1220 caelum
2252 1155 2323 1222 et
2369 1149 2603 1232 stellas

374 1246 694 1321 cadentes
754 1255 828 1320 bet
890 1248 1207 1321 transitus
1258 1248 1613 1320 errantium
1666 1247 2006 1321 stellarum
2066 1272 2191 1345 per
2237 1248 2434 1345 signa
2481 1275 2605 1324 zo-

381 1347 583 1421 diaci.
682 1347 799 1421 Ex
864 1373 993 1445 quo
1060 1349 1483 1447 consequitur
1533 1346 1785 1421 Coeum
1848 1372 1888 1420 a
1934 1347 2162 1442 κέειν,
2231 1350 2405 1423 unde
2452 1354 2604 1425 κεῖ-

380 1450 597 1538 σθαι,
649 1474 797 1522 esse
849 1451 1273 1548 appellatum.
1373 1448 1458 1523 Id
1507 1450 1775 1522 verbum
1823 1451 2092 1548 proprie
2143 1452 2604 1547 conglobatio-

376 1575 527 1623 nem
576 1560 811 1624 notare
861 1553 1144 1641 videtur,
1193 1552 1366 1625 unde
1413 1548 1585 1626 κοία
1626 1552 1908 1648 sphaera
1938 1561 2066 1625 est.
2141 1553 2604 1628 Antimachum

379 1661 718 1726 auctorem
779 1654 1091 1727 adhibent
1151 1652 1378 1751 Etym.
1428 1653 1537 1727 M.
1599 1679 1676 1751 p.
1724 1656 1917 1748 770,
1986 1656 2110 1729 10.
2173 1663 2243 1728 et
2293 1652 2480 1729 Grud.
2527 1679 2603 1754 p.

378 1754 558 1848 555,
609 1756 737 1830 50.

628 1902 837 1990 κοίας
884 1907 966 1981 ἐκ
1006 1911 1281 2007 χειρῶν
1331 1897 1687 1981 σκόπελον
1733 1903 1924 2004 μέτα
1970 1871 2470 2003 ῥιιιτᾶζουσιν.

577 2057 675 2131 Ut
721 2060 793 2150 hi
841 2059 1017 2133 inter
1080 2082 1154 2132 se
1207 2059 1499 2157 oppositi
1548 2065 1743 2153 sunt,
1810 2060 1913 2133 sic
1961 2061 2160 2134 etiam
2206 2058 2479 2134 Phoebe
2526 2045 2721 2132 ιιι15ι

375 2158 675 2257 Tethys.
653 2186 676 2205 ·
742 2184 1015 2257 quarum
1061 2161 1248 2234 illam
1295 2161 1620 2234 nutricem
1670 2184 1845 2254 esse,
1898 2185 2064 2257 quae
2101 2169 2434 2258 suggerat·
2464 2161 2601 2233 uti-

370 2261 470 2333 lia
518 2269 587 2333 et
637 2262 980 2354 salutaria,
1030 2261 1278 2335 nemini
1326 2262 1593 2336 dubium
1644 2270 1785 2344 est·
1758 2314 1786 2381 .’
1849 2261 2167 2335 Phoeben
2217 2272 2431 2336 autem
2446 2312 2473 2355 ,
2523 2270 2601 2335 ιιι

367 2385 464 2434 ex
515 2360 748 2459 φέναι,
801 2358 1032 2460 φόνος
1082 2370 1151 2435 et
1200 2360 1490 2476 φοίνιος
1538 2370 1668 2455 est,
1722 2364 1822 2435 sic
1870 2370 2055 2459 patet
2096 2387 2184 2435 ex
2222 2361 2482 2460 φέβειν
2530 2369 2600 2436 et

270 2511 277 2518 -
372 2457 618 2563 φόβος
666 2463 908 2536 dictam
958 2488 1130 2556 esse,
1185 2464 1357 2560 quod
1381 2415 1670 2537 'inutilia
1718 2471 1787 2537 et
1835 2464 2039 2537 noxia
2080 2466 2474 2561 expelleret,
2524 2472 2601 2537 ut

372 2572 557 2638 esset
604 2565 978 2662 purgatrix.
1077 2563 1386 2638 Latonae
1435 2566 1680 2662 igitur,
1733 2589 1926 2661 quam
1974 2559 2219 2662 λήθην
2266 2567 2600 2669 interpre-
2695 2565 2706 2586 ²
2742 2634 2746 2638 .

374 2666 717 2758 tabantur,
792 2690 988 2764 quum
1036 2667 1212 2739 dare
1279 2675 1588 2764 parentes
1654 2665 2006 2759 deberent,
2088 2666 2273 2741 Coeo
2334 2691 2478 2741 eam
2528 2676 2599 2741 et

368 2765 646 2840 Phoebe
694 2777 913 2841 natam
963 2768 1230 2861 dixere,
1296 2768 1578 2841 fortasse
1632 2768 1806 2888 quod
1858 2769 2201 2862 animalia,
2275 2794 2474 2866 quum
2521 2791 2596 2842 se

374 2869 579 2966 quieti
632 2894 988 2966 somnoque
1041 2869 1197 2942 dant
1209 2921 1235 2961 ,
1299 2870 1441 2943 fere
1491 2870 1681 2967 quasi
1732 2870 2126 2966 conglobata
2175 2870 2438 2963 cubent,
2490 2879 2599 2943 at·-

376 2994 501 3067 que
550 2972 661 3043 «ita
730 2971 817 3043 iis
884 2972 1127 3044 oblivio
1196 2973 1492 3068 obrepat.
1614 2970 1750 3043 Illa
1814 2980 2031 3044 autem
2109 2996 2410 3045 curarum
2474 2996 2598 3070 per

374 3093 672 3144 somnum
723 3072 967 3145 oblivio
1022 3074 1326 3169 quoniam
1358 3073 1574 3147 noctis
1607 3073 1879 3169 propria
1917 3081 2045 3165 est,
2094 3072 2429 3146 Latonam
2461 3097 2597 3146 non

373 3173 589 3247 solum
641 3175 1076 3267 oblivionem,
1147 3174 1267 3246 sed
1331 3175 1527 3246 etiam
1589 3185 1850 3246 noctem
1913 3198 2060 3247 esse
2110 3175 2593 3267 existimarunt,

368 3283 450 3348 nt
514 3299 680 3373 quae
744 3284 956 3350 mater
1019 3284 1198 3349 esset
1259 3274 1597 3372 Apollinis
1668 3285 1736 3348 et
1785 3274 2057 3348 Dianae
2128 3284 2197 3348 et
2256 3275 2593 3368 Asteriae,

376 3376 554 3474 quod
603 3402 690 3450 ex
739 3379 1027 3451 tenebris
1079 3386 1146 3450 et
1196 3377 1301 3450 sol
1352 3386 1419 3449 et
1466 3378 1626 3449 luna
1676 3385 1743 3449 et
1793 3376 2080 3449 sidera
2058 3403 2129 3449 ιιι
2172 3385 2594 3475 conspectum

374 3477 741 3599 prodirent.
826 3465 997 3553 Sed
1049 3479 1318 3554 vacillat
1383 3486 1599 3550 tamen
1659 3479 1791 3550 ista
1839 3479 2339 3574 interpretatio,
2418 3478 2594 3575 quod

372 3578 609 3652 iisdem
657 3582 728 3651 in
776 3580 1017 3653 fabulis
1068 3588 1151 3653 et
1183 3580 1341 3654 Nox
1391 3581 1653 3652 diversa
1715 3588 1819 3652 est
1870 3581 1949 3651 ab
1998 3578 2307 3671 Latona,
2378 3603 2592 3678 neque

372 3680 623 3778 Apollo
677 3689 745 3754 et
771 3679 994 3754 Diana
1042 3707 1163 3780 pro
1217 3684 1359 3755 sole
1412 3689 1481 3754 et
1528 3684 1687 3754 luna
1727 3680 2071 3756 habentur.
2175 3678 2593 3779 Omninoque

373 3794 633 3858 veteres
685 3781 958 3873 Graeci,
1010 3783 1545 3882 quemadmodum
1592 3783 1974 3880 Apollinem
2027 3790 2094 3856 et
2124 3781 2409 3855 Dianam
2460 3808 2594 3856 non

371 3891 449 3956 ut
512 3886 723 3962 solem
787 3893 856 3958 et
915 3886 1133 3959 lunam
1201 3887 1547 3959 coluerunt
1558 3936 1585 3978 ,
1658 3886 1756 3956 ita
1816 3909 1899 3958 ne
1948 3882 2282 3957 Latonam
2332 3885 2592 4018 quidem

372 3986 676 4061 videntur
724 3994 983 4060 noctem
1033 4012 1181 4061 esse
1231 3987 1617 4060 credidisse.

301 4168 307 4180 ,
571 4089 876 4181 Rectius,
930 4090 1190 4187 opinor,
1239 4088 1697 4180 iudicabimus,
1729 4084 2089 4180 Latonam,
2136 4086 2323 4161 cuius
2353 4109 2590 4159 nomen

372 4191 641 4288 proprie
690 4190 1008 4263 latebram
1059 4189 1416 4288 significat,
1467 4198 1823 4287 propterea
1859 4196 2131 4262 matrem
2164 4189 2401 4263 dictam
2440 4211 2587 4260 esse

371 4289 710 4389 Apollinis
759 4300 828 4365 et
875 4293 1178 4385 Dianae,
1246 4292 1422 4390 quod
1469 4291 1542 4363 hi
1592 4291 1686 4363 dii
1734 4291 2067 4388 peregrini
2117 4290 2287 4382 sint,
2337 4288 2589 4385 ignoti-

322 4409 502 4490 ·xque
551 4394 890 4515 latuerint
941 4419 1148 4494 usque
1199 4394 1351 4470 dum
1399 4393 1867 4467 inferrentur
1844 4420 1917 4467 ιιι
1965 4392 2345 4469 Graeciam.
2443 4388 2590 4465 Mi-

2409 4565 2437 4588 ,Ο
