3192 4992
625 305 761 375 m
1111 306 1389 370 onum
1431 306 1517 369 IN
1554 305 1812 368 sAcms
1852 304 2382 368 summamus,

630 474 929 550 verentia
975 482 1317 573 parentum
1338 454 1381 546 3⁸
1435 498 1591 546 num
1643 474 1936 570 gravitas
1987 472 2345 549 senectutis
2364 464 2404 544 Ρ
2465 493 2623 542 num
2671 476 2872 544 tene-

630 602 747 650 rae
799 579 1036 649 aetatis
1084 569 1517 648 innocentia?
1577 600 1733 648 num
1781 576 2206 672 incorruptae
2254 573 2687 671 ingenuitatis
2737 597 2867 670 pu·-

633 679 759 752 dor
821 687 890 750 et
939 679 1212 751 castitas
1231 671 1269 750 P
1348 701 1505 751 num
1566 677 1918 774 integritas
1984 677 2462 774 sepulcrorum*
2503 674 2866 749 aliorumve

631 771 1252 855 monumentorum?
1320 804 1477 853 uum
1541 779 1847 852 arborum
1912 779 2202 876 posteris
2251 777 2546 851 umbram
2593 775 2866 848 datura-

629 906 776 954 rum
827 874 1301 954 incolumitas?
1403 878 1928 954 Contemnuntur
1976 889 2047 954 et
2094 880 2432 970 ridentur,
2486 901 2648 974 quae
2699 879 2866 955 olim

630 986 703 1057 in
754 984 1007 1056 bonore
1058 991 1285 1075 erant,
1361 982 1517 1079 quia
1579 1005 1655 1055 se
1720 980 1996 1080 quisque
2060 983 2215 1080 plus
2280 981 2568 1053 caeteris
2627 1002 2870 1077 sapere

629 1094 861 1183 pntat3
915 1093 1247 1157 mutantur
1293 1086 1563 1180 antiqua
1606 1085 1912 1157 instituta
1960 1084 2178 1174 novis,
2230 1084 2388 1180 qnia
2415 1082 2674 1154 incerta
2707 1106 2862 1178 spes

634 1186 926 1284 ambigui
979 1187 1133 1259 boni
1180 1187 1406 1283 potior
1435 1186 1714 1259 babetur
1745 1196 1930 1260 certo
1964 1187 2098 1258 levi
2131 1183 2587 1271 incommod03
2623 1172 2863 1257 ‘obrui-

633 1313 781 1359 mur
813 1288 1100 1396 legibus,
1154 1289 1308 1385 quia
1338 1312 1636 1360 caremus
1669 1289 1999 1376 moribus3
2052 1288 2409 1384 opplentur
2441 1285 2664 1358 omnia
2697 1285 2868 1357 scri-

612 1391 765 1481 bis,
817 1390 973 1486 quia
1022 1389 1220 1462 dictis
1271 1389 1461 1462 deest
1506 1390 1713 1480 fides3
1763 1388 2113 1464 'coercetur
2138 1387 2402 1461 dicendi
2433 1396 2503 1459 et
2536 1385 2872 1458 scribendi

633 1491 937 1580 libertas,
992 1493 1148 1588 quia
1196 1517 1331 1563 non
1382 1501 1653 1565 cavetur
1701 1500 1777 1565 ut
1826 1492 2102 1565 materia
2151 1489 2412 1562 dicendi
2464 1511 2632 1585 quae
2668 1511 2872 1584 aegre

636 1594 991 1665 audiuntur
1039 1594 1319 1691 reperiri
1370 1603 1690 1689 nequeat;
1743 1594 2159 1690 periclitatur
2208 1593 2347 1663 vita
2386 1598 2455 1662 et
2498 1591 2680 1662 salus
2707 1614 2876 1686 pro-

634 1694 866 1766 borum
919 1696 1199 1787 civium,
1273 1696 1427 1792 quia
1488 1695 1795 1790 sanguini
1844 1694 2365 1766 facinorosorum
2416 1715 2693 1788 parcere
2746 1693 2880 1762 bu-

443 1803 455 1811 ‘
584 1832 589 1837 ·
634 1797 892 1868 manius
958 1796 1140 1868 ducit
1205 1798 1353 1868 aevi
1415 1797 1771 1886 mollities3
1843 1796 2135 1893 gliscunt
2197 1793 2501 1885 fraudes,
2584 1794 2871 1885 scelera,

635 1898 919 1993 flagitia,
973 1898 1128 1994 quia
1175 1898 1415 1970 lenitas
1467 1922 1825 1993 poenarum
1876 1923 2010 1973 non
2059 1906 2270 1970 terret
2318 1895 2701 1987 maleficos,
2753 1894 2876 1967 sed

637 2022 823 2090 eura,
877 2023 1009 2095 qua
1055 2023 1284 2072 eorum
1334 1999 1903 2073 commoditatibus
1953 2000 2396 2097 prospicitur,
2448 1998 2649 2069 etiam
2697 1996 2880 2069 invi-

636 2107 740 2172 tat
789 2100 870 2171 ad
922 2101 1285 2190 maleficia3
1352 2096 1634 2198 deniqne
1697 2126 1890 2174 nemo
1940 2125 2074 2173 non
2124 2126 2247 2197 pro
2299 2107 2615 2197 suspecto
2663 2098 2879 2170 habe-

637 2210 789 2293 tur,
869 2205 1024 2300 qnia
1088 2204 1455 2301 debilitatis¹
1517 2205 1922 2276 conscientia
1985 2202 2295 2275 fiduciam
2373 2199 2612 2273 cedere
2672 2200 2880 2273 iussit

637 2304 868 2376 metui.
983 2303 1175 2377 Haec
1225 2306 1473 2397 virtus,
1557 2305 1724 2378 haec
1784 2304 2004 2402 gloria
2068 2311 2173 2376 est
2236 2303 2476 2376 seculi.
2591 2300 2875 2394 „Aetas

464 2477 469 2482 .
587 2404 987 2501 Sparentum
1049 2407 1241 2502 peior
1302 2407 1445 2479 avis
1511 2407 1668 2480 tulit
1730 2422 1853 2479 nos
1917 2406 2311 2503 nequiores,
2392 2428 2551 2477 mox
2601 2404 2877 2477 daturos

576 2532 581 2541 ’
638 2508 1025 2603 progeniem
1077 2508 1583 2580 vitiosiorem.“
1701 2507 1800 2581 Et
1860 2508 1990 2580 boc
2038 2507 2108 2578 in
2157 2531 2378 2578 rerum
2428 2515 2607 2578 statu
2654 2505 2880 2578 homi·-

639 2633 761 2680 nes
809 2609 1136 2704 religione
1189 2610 1273 2681 ad
1320 2611 1636 2707 pietatem
1687 2610 1923 2682 adduci
1963 2600 2427 2707 sperabimus?
2510 2606 2675 2680 Fuit
2715 2608 2892 2679 olim?

641 2709 988 2805 religionis
1040 2732 1119 2781 ea
1170 2711 1297 2802 vis,
1348 2720 1423 2782 ut
1471 2712 1622 2808 pios
1672 2711 1924 2784 faceret
1971 2710 2295 2803 homineS,
2351 2733 2547 2805 quum
2599 2709 2878 2782 credere

643 2809 1035 2906 simpliciter
1085 2833 1252 2906 quae
1301 2812 1490 2884 libris
1541 2813 1752 2884 sacris
1815 2811 2058 2884 tradita
2107 2820 2300 2904 sunt,
2368 2835 2560 2908 quam
2610 2811 2877 2884 curiose

640 2912 1049 3008 perscrutari
1084 2912 1376 2988 sanetius
1419 2913 1762 3005 ducentes,
1813 2938 2028 3010 neque
2059 2914 2464 3010 incipiebant
2492 2911 2879 3009 quotidiana

642 3014 915 3109 negotia
963 3037 1089 3085 nee
1122 3014 1459 3106 finiebant,
1511 3016 1642 3087 nisi
1688 3040 1835 3088 cum
1865 3015 2079 3087 divini
2110 3016 2347 3089 auxilii
2373 3014 2876 3105 reeordatione;

646 3139 844 3211 quum
891 3140 1022 3188 non
1066 3116 1479 3205 ‚ad-coenam
1516 3117 1946 3190 considebant
1991 3118 2123 3189 nisi
2174 3117 2367 3190 deum
2418 3117 2700 3214 precati,
2753 3140 2881 3188 ne-

647 3240 816 3313 que,
879 3217 993 3288 ubi
1045 3219 1490 3291 surrexissent
1541 3242 1581 3290 a
1631 3243 1896 3311 mensa,
1968 3219 2218 3316 gratias
2272 3219 2396 3292 deo
2448 3242 2649 3315 agere
2701 3218 2880 3291 obli-

645 3318 1090 3391 viscebantur.
1190 3318 1307 3391 Ex
1375 3345 1503 3417 quo
1571 3321 1831 3393 divi‘nae
1893 3320 2348 3418 providentiae
2401 3320 2740 3416 cogitatio·
2779 3321 2881 3391 ita

647 3444 902 3492 omnem
954 3445 1180 3492 eorum
1231 3421 1430 3493 vitam
1482 3423 1952 3514 comitabatur,
2021 3432 2097 3494 ut
2159 3423 2230 3495 in
2295 3422 2602 3494 secundis
2668 3445 2880 3517 aeque

648 3530 845 3617 atque
895 3523 964 3594 in
1016 3523 1309 3595 adversis
1361 3524 1557 3596 rebus
1609 3524 2047 3621 praesidium,
2100 3549 2328 3620 spem,
2395 3548 2627 3621 opem,
2690 3525 2877 3596 suda-

647 3622 807 3693 tium
860 3623 1201 3696 baberent.
1318 3624 1577 3698 Mansit
1639 3627 1900 3723 quidem
1964 3650 2170 3721 usqne
2234 3627 2448 3698 adbuc
2496 3625 2664 3699 haec
2712 3622 2882 3697 reli·-

648 3724 869 3818 gionis
920 3726 1309 3823 simplicitas
1362 3728 1449 3798 et'
1479 3728 1914 3804 sanctimonia
1963 3728 2134 3824 apud
2187 3752 2331 3818 eos,
2385 3728 2499 3823 qui
2546 3727 2784 3807 remoti
2831 3748 2877 3796 a

504 3874 513 3885 ·
648 3825 927 3896 mollitie
979 3836 1049 3898 et
1098 3828 1363 3899 luxuria
1415 3837 1746 3900 strenuam
1818 3836 1890 3901 et
1939 3829 2221 3901 sobriam
2275 3829 2474 3918 vitam
2523 3829 2705 3926 agris
2753 3851 2878 3900 co·-

648 3926 865 3997 lendis
916 3936 1029 3999 aut
1077 3928 1403 4003 fodiendis
1455 3931 1741 4003 metallis
1794 3941 2023 4028 agunt,
2076 3931 2194 4003 sed
2243 3930 2583 4002 rarissimo
2630 3932 2701 4002 in
2732 3952 2881 4000 mae

650 4028 803 4124 gnis
850 4028 1119 4102 urbibus
1172 4055 1523 4128 earumque
1566 4032 1809 4104 vicinia
1856 4033 1976 4104 tali
2029 4033 2361 4129 exemplo,
2416 4033 2609 4128 quale
2635 4034 2731 4105 sin
2754 4032 2877 4103 illo

651 4129 933 4201 vidimus
997 4132 1179 4222 viro,
1269 4157 1460 4229 quem
1526 4142 1680 4205 ante
1746 4157 1992 4230 pauc-os
2056 4134 2199 4206 dies
2260 4135 2603 4230 inopinata
2664 4142 2878 4229 morte

650 4233 844 4304 nobis
895 4240 1188 4330 ereptum
1240 4235 1554 4328 luximus,
1607 4235 1804 4308 bodie
1856 4245 2073 4308 autem
2123 4259 2203 4308 eo
2254 4237 2503 4308 maiore
2553 4259 2704 4308 cum
2753 4234 2880 4307 do·-

652 4333 798 4406 lore
848 4332 1333 4430 desideramus,
1402 4362 1531 4434 quo
1579 4334 1940 4435 impensius
1991 4356 2140 4423 eum
2187 4337 2456 4439 seimus.
2481 4337 2674 4418 huius
2721 4335 2881 4437 faeti
