3192 4992
646 378 774 448 124
1258 382 1359 442 nn
1403 341 1695 442 omem
1739 380 2254 440 mTERPnE’nS.

646 542 960 623 misisse?
991 547 1089 646 ¹⁵)
1189 546 1471 621 Accedit
1521 548 1728 640 aliud,
1780 546 1977 644 idque
2029 572 2161 618 non
2209 545 2611 618 levissimum
2660 569 2867 643 argu-

647 663 972 742 mentum,
1046 650 1219 745 quod
1284 650 1681 726 scholiastae
1733 649 2172 722 narrationem
2224 647 2590 720 confirmet.
2693 646 2866 719 Nam

648 754 707 825 si
775 754 892 824 ille
958 751 1126 822 nihil
1193 751 1322 822 nisi
1389 751 1832 822 coniecturam
1895 749 2262 852 proferret,
2335 774 2465 822 non
2530 749 2866 845 posuisset

645 855 793 951 ipsa
843 853 1041 925 verba
1090 852 1616 949 hyporchematis
1665 852 1887 923 illius.
1956 851 2129 946 quod
2183 858 2429 924 certum
2465 850 2775 921 videtur
2755 874 2869 920 ln-

648 956 887 1027 dicium
940 979 1088 1027 esse
1140 978 1270 1025 nou
1322 953 1516 1025 fictae
1569 953 1710 1043 rei,
1747 953 1843 1049 16)
1925 952 2042 1024 sed
2094 951 2330 1024 idonea
2379 951 2507 1023 fide
2558 950 2868 1023 traditae.

649 1055 745 1129 At
795 1082 949 1129 vero
1014 1056 1110 1127 ita
1175 1077 1322 1126 esse
1387 1063 1585 1150 negat
1635 1054 2057 1146 Boeckhius,
2138 1061 2453 1149 putatque
2520 1052 2864 1149 deceptum

551 1147 799 1236 25esse
850 1157 1271 1229 scholiastam
1315 1179 1421 1248 eo,
1477 1155 1652 1251 quod
1681 1151 2132 1251 Καστόρειον
2163 1163 2231 1226 et
2267 1150 2663 1251 ὑπόρχημα
2691 1154 2864 1224 idem

652 1284 798 1333 esse
851 1257 1230 1332 crediderit.
1330 1256 1817 1354 Interpretatur
1849 1258 2105 1355 quidem
2145 1256 2535 1328 scholiastes
2576 1248 2896 1329 Καστό-ι

648 1386 845 1459 ρειον
893 1361 1024 1432 isto
1079 1359 1298 1452 modo,
1353 1359 1469 1430 sed
1521 1368 1775 1451 tamen,
1829 1361 1889 1431 si
1938 1359 2208 1455 putabat
2258 1358 2386 1430 hoc
2435 1358 2695 1429 nomine
2744 1357 2870 1451 hy-
2968 1385 2979 1394 ·

646 1463 1000 1560 porchema
1050 1461 1450 1557 significari,
1517 1484 1646 1532 non
1698 1462 1915 1557 potuit
1963 1460 2175 1551 scire,
2247 1459 2421 1556 quod
2470 1459 2638 1530 illud
2690 1464 2869 1529 esset

645 1564 921 1636 Pindari
987 1563 1598 1660 hyporchematum3
1664 1564 1901 1653 immo,
1977 1563 2281 1658 quoniam
2347 1584 2605 1633 carmen
2669 1558 2868 1649 illud,

649 1667 835 1738 cuius
885 1665 1140 1736 initium
1192 1665 1440 1761 posuit,
1492 1665 1932 1760 hyporchema
1982 1688 2128 1736 esse
2179 1662 2480 1755 videbat,
2532 1662 2602 1732 id
2655 1660 2871 1758 signi-

647 1768 836 1840 ficari
877 1766 1182 1839 Castorei
1235 1766 1678 1864 appellatione
1732 1766 2143 1863 opinabatur.
2246 1761 2387 1836 Sed
2438 1763 2704 1861 gravius
2757 1786 2871 1833 ar·-

648 1877 1022 1966 gumentum
1076 1869 1386 1964 opposuit
1434 1866 1843 1939 Boeckhius.
1944 1865 2115 1938 Nam
2179 1874 2247 1938 et
2309 1867 2642 1962 posterius
2673 1864 2871 1936 ‘scri-

646 1980 831 2069 ptum
884 1975 1046 2041 esse'
1081 1968 1516 2065 hyporchema
1567 1968 1775 2056 illud,
1838 1974 1929 2042 et
1954 1967 2023 2040 in
2076 1992 2155 2040 eo
2220 1992 2352 2038 non
2406 1967 2870 2063 quadrigarum

647 2072 988 2143 victoriam
1043 2070 1468 2161 Thebanam,
1540 2069 1657 2141 sed
1706 2065 2080 2189 Pythicam
2101 2068 2343 2140 rhedae
2396 2069 2665 2140 molaris
2717 2090 2868 2140 esse

645 2173 1001 2244 laudatam.
1102 2170 1441 2268 Exposuit
1491 2171 1657 2270 haec
1708 2171 2080 2244 disertius
2057 2197 2127 2242 1n
2172 2170 2655 2267 fragmentisp.
2690 2171 2869 2243 598.

645 2272 839 2370 Nego
917 2275 1082 2346 haec
1150 2297 1304 2345 vera
1367 2297 1538 2345 esse.
1661 2272 1827 2348 Nam
1896 2273 2150 2371 primo,
2238 2279 2313 2344 ut
2375 2281 2529 2369 post
2593 2269 2865 2368 Olymp-

644 2373 1019 2467 LXXVI,
1092 2380 1160 2450 1.
1214 2399 1342 2472 quo
1393 2375 1548 2447 urbs
1597 2373 1818 2448 Aetna
1869 2375 2134 2447 condita
2184 2374 2297 2464 sit,
2350 2374 2664 2470 scriptum
2718 2388 2868 2447 cre-

647 2478 833 2550 deret
881 2469 1061 2549 illud
1091 2476 1552 2573 hyporchema,
1609 2477 1926 2551 adductus
1961 2476 2222 2548 videtur
2256 2477 2631 2548 auctoribus
2667 2472 2866 2547 Stra-

644 2578 815 2650 bone
868 2588 935 2650 et
986 2580 1345 2649 scholiasta
1392 2578 1886 2675 Aristophanis.
2002 2578 2202 2674 Apud
2253 2574 2687 2668 Strabonem,
2753 2576 2865 2647 ubi

644 2680 705 2751 is
771 2678 853 2749 de
919 2676 1171 2750 Catana
1242 2678 1321 2748 ab
1372 2677 1670 2749 Hierone
1734 2680 1922 2751 novis
1991 2678 2464 2772 habitatoribus
2532 2679 2866 2775 assignata

646 2780 842 2871 dixit,
893 2776 1031 2849 VI.
1083 2804 1154 2875 p.
1206 2780 1381 2869 268,
1435 2778 1599 2851 haec
1646 2780 1990 2905 leguntur.
2056 2775 2327 2876 ταύτης
2377 2777 2459 2853 δὲ
2507 2777 2635 2854 καὶ
2669 2778 2866 2854 Πίν-

644 2877 874 2979 dapes
921 2874 1269 2977 κτίστορα
1320 2878 1506 2980 λεγει
1559 2869 1816 2967 αὗτον,
1870 2879 2051 2956 ὅταν
2092 2888 2246 2979 φῇ·

897 3026 1180 3115 ξύνες
1156 3029 1196 3104 ό
1240 3057 1316 3103 τι
1367 3030 1553 3132 hym
1608 3029 1907 3121 ‘gazaeum
1948 3031 2191 3132 ‘lapan‘
2226 3027 2575 3128 ὃμωνυμε
2604 3027 2861 3131 πάτερ,

892 3131 1190 3230 κτίστορ
1239 3136 1538 3216 Αἴτνας.

643 3284 870 3359 Istane
922 3311 963 3358 a
1014 3284 1342 3359 Strabone
1395 3286 1645 3383 scripta
1695 3280 1884 3360 sint?
1912 3287 2010 3384 ¹⁷)
2110 3285 2359 3378 Immo,
2413 3287 2473 3359 si
2526 3287 2682 3384 quid
2733 3311 2860 3383 ego
2982 3347 2985 3350 .

644 3388 863 3480 video,
917 3388 1312 3461 scholiastae
1365 3388 1728 3485 cuiuspiam
1777 3390 1943 3462 baec
1994 3388 2328 3462 adnotatio
2381 3398 2522 3482 est,
2589 3391 2861 3487 eiusque

817 3656 909 3742 15)
965 3661 1116 3719 Haec
1154 3679 1369 3738 prorsus
1413 3668 1640 3720 evertere
1681 3662 1856 3722 studet
1879 3661 2197 3733 Boeckhius,
2236 3662 2372 3739 quod
2402 3667 2631 3740 ineptum
2667 3668 2754 3733 sit,
2797 3683 2858 3722 eo

645 3750 886 3817 carmine,
928 3746 1066 3823 quod
1107 3755 1310 3822 pactum
1355 3747 1528 3816 fuerit,
1568 3752 1804 3806 nunciati
1845 3747 2196 3806 tantummodo
2229 3751 2514 3817 victoriam,
2557 3750 2719 3806 altero
2743 3767 2858 3827 gra·

643 3837 714 3890 tis
759 3834 918 3888 misso
961 3831 1186 3903 laudari3
1242 3843 1293 3889 et
1331 3833 1387 3889 in
1428 3833 1588 3908 priori
1644 3834 1845 3909 quidem
1902 3852 1961 3890 se
2004 3831 2275 3891 defendere
2329 3835 2391 3890 ab
2435 3836 2859 3891 obtrectatoribus

643 3915 941 3984 Pindarum,
986 3916 1121 3992 quod
1163 3921 1351 3973 rectius
1395 3920 1697 3973 convenisse
1738 3923 1791 3976 in
1835 3918 2049 3975 alterum
2096 3937 2315 3974 carmen.

816 3996 909 4077 ¹⁶)
966 4000 1086 4057 Hoc
1125 3998 1483 4058 vehementer
1501 3995 1771 4079 impugnat
1810 4001 2125 4060 BoeckbiuS.
2208 4002 2349 4060 Num
2405 4002 2645 4059 traditum
2690 4004 2859 4059 fuisse

646 4088 709 4144 ab
751 4087 991 4160 antiquis,
1033 4085 1132 4142 hoc
1173 4103 1289 4142 esse
1330 4084 1461 4143 illud
1500 4085 1872 4161 hyporchema3
1955 4086 2030 4145 At
2069 4106 2248 4165 parum
2282 4090 2577 4145 constitisse
2612 4085 2676 4145 de
2698 4091 2856 4145 victo·

642 4174 721 4228 ria
773 4172 996 4228 carmine
1037 4169 1190 4240 Pyth.
1234 4169 1304 4227 Π.
1361 4171 1628 4228 celebrata.
1724 4170 1807 4230 An
1862 4192 1926 4230 ex
1977 4176 2090 4250 ipso
2134 4170 2199 4228 hv
2171 4172 2554 4258 vporchemate2
2637 4171 2713 4229 At
2753 4193 2856 4230 nou

643 4255 941 4313 Thebanam
986 4274 1063 4323 eo,
1106 4252 1196 4311 sed
1238 4252 1504 4326 Pythicam
1547 4260 1813 4315 victoriam
1858 4276 1975 4315 esse
2016 4256 2292 4316 laudatam.

814 4336 908 4418 ¹⁷)
962 4339 1242 4422 Insigniter
1295 4340 1433 4398 falsa
1485 4339 1614 4397 haec
1664 4340 1929 4399 Boeckhio
1982 4342 2287 4402 videntur.
2334 4344 2501 4422 Saepe
2552 4343 2854 4403 Strabonem

644 4423 923 4483 Pindarum
967 4424 1197 4501 aliosque
1236 4432 1415 4499 poetas
1457 4424 1659 4484 afferre.
1743 4426 1904 4485 Sanez
1959 4433 2013 4485 at
2053 4429 2180 4486 cur2
