3192 4992
949 369 1052 428 BE
1093 368 1388 429 OFFlclo
1426 367 1942 435 INTmPuETls.
2426 369 2547 438 101

341 527 535 629 agat,
586 531 685 606 sic
734 533 988 610 demum
1039 534 1222 607 recte
1265 542 1465 631 aget,
1529 534 1589 608 si
1632 540 1712 609 et
1760 535 1917 633 quid
1964 535 2092 608 sihi
2138 538 2548 634 propositum

339 638 432 707 sit
467 641 547 705 et
593 657 721 729 qua
770 636 879 707 via
926 635 1012 707 ad
1059 636 1126 707 id
1181 636 1427 732 optime
1475 633 1899 734 perveniatur
1945 637 2273 734 cognitum
2322 639 2545 734 habet,

334 735 436 807 sie
482 735 652 808 haec
697 737 925 809 eadem
987 737 1411 834 interpretem
1478 763 1740 836 semper
1789 740 2004 811 animo
2063 737 2273 811 infixa
2320 747 2543 814 tenere

332 834 547 908 decet.
619 834 982 911 Versatur
1030 847 1246 912 autem
1294 839 1754 936 interpretatio
1796 841 2005 912 omnis
2055 842 2165 912 vel
2211 840 2282 912 in
2327 842 2543 918 verbis

324 944 394 1008 et
441 939 771 1011 sententia
819 941 1135 1036 cuiusque
1185 941 1321 1012 loci
1372 941 1822 1038 explicandis,
1887 942 1991 1014 vel
2040 940 2110 1013 in
2162 942 2543 1016 enarrandis

318 1036 404 1109 iis
458 1061 626 1134 qnae
677 1040 758 1111 ah
809 1041 1088 1113 historia
1137 1050 1291 1113 sunt
1338 1042 1647 1139 petenda,
1699 1044 1808 1114 vel
1855 1043 1925 1115 in
1972 1042 2331 1161 aperiendo
2383 1055 2540 1117 con-

318 1138 474 1211 silio
528 1142 874 1240 scriptoris
927 1144 1230 1240 operisve
1284 1144 1799 1240 compositione,
1852 1144 1957 1215 vel
2006 1144 2077 1214 iu
2127 1142 2540 1236 declarandis

315 1241 555 1337 scripti
603 1243 954 1317 virtutihus
1004 1253 1118 1316 aut
1165 1244 1371 1316 vitiis.
1470 1246 1690 1341 Atque
1740 1245 1811 1316 in
1861 1269 2265 1362 quocumque
2305 1246 2538 1319 horum

312 1365 631 1437 generum
682 1368 952 1441 operam
1001 1369 1185 1418 suam
1234 1353 1439 1442 ponat
1486 1347 1838 1443 interpres,
1891 1346 2056 1419 haee
2106 1347 2170 1418 ei
2208 1345 2340 1418 tria
2376 1346 2539 1418 dili·-

312 1456 553 1539 genter
600 1456 755 1520 sunt
806 1446 1250 1520 observanda:
1314 1455 1390 1518 ut
1440 1471 1691 1540 eorum,
1745 1448 1979 1544 quihus
2030 1470 2196 1543 opus
2246 1455 2376 1542 est,
2426 1447 2539 1519 ni-

307 1544 409 1615 hil
463 1544 679 1636 desit3
750 1556 825 1620 ut
874 1548 1040 1619 nihil
1090 1549 1424 1640 afferatur,
1476 1573 1605 1645 quo
1655 1574 1788 1623 non
1840 1550 1929 1622 sit
1958 1573 2163 1647 opus3
2211 1556 2312 1643 ut,
2368 1570 2535 1647 quae

305 1656 736 1741 promuntur5
780 1658 961 1721 recte
1011 1658 1449 1746 exponantur.

516 1749 736 1846 Atque
781 1751 953 1822 illud
1004 1749 1262 1847 quidem
1310 1774 1434 1870 per
1482 1776 1557 1825 se
1597 1752 1867 1848 planum
1905 1758 2034 1844 est,
2084 1749 2533 1847 imperfectam

210 1903 218 1908 -
304 1871 464 1921 esse
528 1849 1132 1948 interpretationem
1147 1903 1173 1944 ,
1241 1853 1349 1925 cui
1409 1852 1585 1925 desit
1646 1852 1901 1950 aliquid
1963 1876 2226 1943 eorum,
2299 1852 2535 1948 quibus

303 1974 479 2046 opus
532 1960 660 2024 est.
762 1950 953 2050 Opus
1005 1962 1109 2026 est
1158 1962 1375 2026 autem
1423 1954 1534 2046 iis,
1588 1978 1754 2051 quae
1805 1979 1991 2045 eum,
2043 1953 2151 2027 cui
2201 1953 2357 2051 quid
2407 1977 2535 2025 ex-

224 2043 234 2062 '
297 2050 620 2147 plicatur,
679 2054 788 2125 vel
837 2055 1095 2128 nescire
1145 2056 1321 2127 scias
1337 2106 1366 2148 ,
1417 2057 1524 2128 vel
1575 2080 1711 2129 non
1760 2064 1995 2155 sponte
2042 2056 2532 2128 intellecturum

298 2151 539 2225 eredas
561 2205 587 2245 ‚
673 2155 781 2227 vel
845 2158 1043 2228 aliter
1083 2180 1299 2252 quam
1362 2156 1597 2231 debeat
1661 2166 2077 2254 accepturum
2146 2156 2531 2255 suspiceris.

293 2253 601 2345 Quorum
654 2257 714 2327 si
759 2258 921 2352 quid
973 2258 1303 2350 omiseris,
1354 2282 1484 2331 non
1536 2257 1841 2332 effeceris
1890 2266 1966 2329 ut
2014 2259 2186 2331 alter
2233 2281 2373 2330 rem
2407 2280 2533 2354 pe-

294 2356 482 2428 nitus
535 2357 800 2454 intellig
799 2366 870 2429 at
887 2360 979 2457 ³).

505 2455 652 2530 Sed
716 2467 791 2530 ut
853 2459 983 2532 hoc
1044 2459 1114 2531 in
1180 2483 1423 2556 genere
1491 2459 1682 2533 multi
1745 2465 2064 2555 peccant,
2134 2456 2231 2530 ita
2294 2457 2412 2529 alii
2461 2457 2535 2530 iu

294 2559 713 2631 contrarium
761 2560 1058 2652 incidunt
1106 2561 1367 2651 vitium,
1417 2567 1493 2632 ut
1541 2560 1843 2653 afferant,
1897 2560 2130 2656 quibus
2180 2583 2309 2632 non
2362 2583 2529 2655 opus

290 2668 425 2732 est.
537 2660 673 2752 Qui
722 2661 961 2734 docent
1011 2662 1296 2758 quidem,
1349 2667 1419 2733 et
1461 2661 1745 2733 fortasse
1773 2660 2109 2758 perutilia,
2162 2660 2280 2733 sed
2310 2659 2533 2733 alieno

289 2762 449 2834 loco
470 2811 499 2853 ,
566 2784 774 2858 eaque
824 2787 898 2834 re
949 2764 1213 2835 molesti
1263 2771 1415 2835 sunt
1463 2762 1632 2834 illud
1681 2761 2160 2858 requirentihas
2177 2813 2201 2852 ‚
2273 2769 2349 2832 ιιι
2399 2761 2528 2833 sihi

288 2862 350 2935 is
419 2887 620 2960 quem
680 2864 752 2935 iu
815 2887 1011 2936 manu
1075 2864 1317 2959 hahent
1376 2863 1549 2938 liber
1612 2865 2011 2961 explicetur.
2127 2861 2531 2935 Perillustre

287 2963 492 3037 liuius
548 2965 680 3037 rei
703 2965 1156 3038 documentum
1207 2953 1336 3056 est,
1387 2989 1472 3037 ne
1521 2964 1843 3038 hodierna
1885 2964 2203 3061 quaedam
2239 2987 2533 3037 comme·

283 3089 592 3158 morem,
659 3064 761 3138 L.
814 3065 898 3139 G.
962 3066 1398 3140 Valckenarii
1462 3067 1965 3139 commentarius
2033 3066 2102 3137 in
2172 3064 2525 3137 Theocriti

279 3165 785 3261 Adoniazusas,
835 3169 907 3240 in
958 3193 1087 3265 quo
1138 3168 1309 3240 libro
1357 3168 1674 3239 immensa
1718 3168 1820 3240 vis
1857 3167 2193 3240 doctrinae
2225 3175 2352 3253 est,
2406 3165 2526 3238 sed

279 3269 646 3341 maximam
697 3280 953 3367 partem
1001 3269 1169 3341 nihil
1220 3268 1300 3341 ad
1351 3292 1616 3341 carmen
1647 3267 2124 3341 Theocriteum
2175 3267 2526 3340 conferen-

278 3368 400 3442 tis.
507 3368 772 3444 Gratia·
808 3369 1107 3443 habenda
1155 3379 1262 3443 est
1310 3370 1453 3443 viro
1506 3395 1784 3461 summo,
1838 3369 2013 3466 quod
2056 3368 2179 3439 illa
2211 3368 2519 3465 scripsit:

280 3472 404 3544 sed
455 3473 682 3546 maior
720 3472 1019 3545 habenda
1058 3479 1259 3564 esset,
1312 3472 1373 3545 si
1415 3471 1732 3545 edidisset
1757 3471 2138 3568 separatim,
2188 3493 2319 3543 non
2350 3468 2521 3541 omi-

281 3573 494 3666 sisset
548 3580 770 3647 autem
817 3575 989 3668 alia,
1060 3574 1292 3670 quibus
1346 3572 1431 3647 ad
1477 3572 1979 3672 intelligendum
2037 3571 2207 3643 illud
2256 3572 2572 3646 carmen?

457 3893 523 3978 ³)
581 3897 727 3974 Opus
768 3916 889 3956 esse
909 3897 1207 3957 Boeckhius
1248 3902 1425 3957 censet
1462 3901 1548 3968 iis,
1590 3916 1723 3975 quae
1764 3896 1832 3956 ad
1868 3900 1945 3955 rei
1965 3902 2203 3955 naturam
2232 3897 2539 3973 pertinente·

284 3983 598 4040 essentialia
639 3984 894 4059 appellare
936 3985 1131 4041 solent:
1191 4002 1254 4040 ea
1294 3991 1465 4041 autem
1505 3986 1680 4059 posita
1720 4000 1838 4040 esse
1877 3986 1934 4039 in
1972 3985 2287 4041 couscientia
2320 4000 2519 4051 eorum,

282 4088 350 4125 ex
396 4071 488 4143 qui
496 4069 592 4124 bus
635 4073 891 4125 sententia
942 4075 995 4126 et
1048 4068 1356 4146 significatio
1408 4071 1658 4144 cuiusque
1716 4066 1839 4125 dicti
1878 4066 2120 4143 pendeat,
2181 4070 2348 4142 iisque
2390 4065 2509 4123 defi·

281 4155 490 4209 niatur.
550 4156 695 4221 „das
736 4155 1206 4213 Bewusstsein
1249 4156 1467 4218 dassen,
1522 4155 1787 4213 wodurch
1829 4155 1951 4210 der
1992 4153 2172 4212 Sina
2212 4155 2355 4208 aad
2396 4152 2520 4208 die

277 4236 700 4313 Bedeulunq
731 4241 888 4311 jedes
917 4237 1189 4313 θεωρίαι
1231 4240 1455 4310 bodium
1493 4240 1615 4295 und
1656 4240 1911 4296 bestimmt
1951 4240 2083 4296 ist.“
2164 4234 2281 4316 Nec
2323 4237 2513 4312 negavi

276 4319 409 4391 hoe,
474 4327 557 4391 et,
611 4324 658 4379 si
700 4320 967 4382 dicendum
1008 4330 1299 4400 putassem,
1352 4320 1605 4382 dixissem
1657 4321 1887 4398 planius.
1981 4319 2085 4379 Sed
2127 4338 2231 4378 non
2271 4318 2395 4376 libet
2435 4317 2511 4375 al·

276 4409 492 4464 ten-cari.
