3192 4992
616 289 742 359 184
971 295 1071 355 DE
1099 292 1408 398 ‘DUABUS
1450 292 2098 356 INSCRIPTIONIBUS
2140 291 2477 352 GRAECIS.

617 454 889 556 κράτης
960 457 1291 542 Τενέδιος
1365 456 1495 533 καὶ
1555 457 1840 541 Ἠλεῖος
1902 452 2342 552 Κριάννιος,
2426 449 2645 540 οὗτος
2708 454 2845 550 μὲν

619 560 848 635 οπλου
897 558 1158 656 λαβων
1204 558 1459 656 νίκην,
1525 555 2012 678 Δημοκράτης
2074 558 2157 634 δὲ
2225 558 2532 657 ἀνδρῶν
2592 554 2843 654 πάλης.

529 661 1066 739 lOConfii-matur
1117 687 1272 735 vero
1325 664 1490 734 haec
1541 663 1922 754 coniectura
1960 659 2251 780 ἠϊθέοις
2297 688 2432 734 non
2466 685 2698 759 parum
2738 686 2843 752 eo,

669 765 795 837 uod
848 764 1245 855 certamina,
1325 765 1396 835 in
1449 765 1683 859 quibus
1738 765 1894 836 vicit
1955 765 2016 835 is
2084 789 2197 860 qm
2247 787 2428 835 arma
2477 763 2844 860 suspendit,

621 791 945 961 δημόσια
994 865 1237 938 ἄεθλα
1286 864 1575 938 fuerunt.
1676 864 1828 938 Non
1882 868 2055 937 enim
2105 866 2176 937 1ιί
2227 865 2512 937 οιιιιιίιιιιι
2544 863 2848 937 Graeco-

621 994 766 1040 rum
818 992 1192 1041 communes
1244 967 1383 1040 ludi
1435 975 1648 1057 erant,
1701 967 1821 1040 sed
1870 967 2126 1065 proprii
2174 967 2586 1064 singulorum
2636 991 2847 1063 popu-

623 1071 880 1161 lorum,
947 1069 1015 1139 in
1085 1069 1318 1165 quibus
1384 1093 1651 1141 suorum
1719 1093 2012 1165 quaeque
2080 1069 2315 1140 civitas
2382 1093 2733 1164 puerorum
2781 1076 2849 1139 et

625 1171 1115 1243 adolescentum
1181 1171 1486 1242 virtutem
1551 1172 1961 1269 exploraret.
2082 1170 2228 1243 Eos
2291 1170 2372 1241 ad
2441 1168 2850 1242 Graecorum
2974 1200 2978 1203 ·

627 1274 1001 1368 exemplum
1050 1271 1280 1348 Persis
1345 1273 1641 1345 tribuens
1691 1273 2078 1370 Xenophon
2129 1270 2380 1398 Cyrop.
2431 1270 2497 1342 Ι.
2564 1275 2655 1361 2,
2733 1275 2848 1345 12

628 1376 730 1449 sic
779 1374 1168 1471 descripsit·
1244 1372 1324 1460 αἱ
1388 1371 1461 1448 δ’
1525 1366 1626 1446 αὖ
1690 1372 2047 1467 μένουσαι
2098 1373 2331 1468 φυλαὶ
2383 1370 2853 1468 διατρίβουσι

628 1481 1034 1568 μελετωσαι
1096 1470 1193 1548 τοί
1257 1502 1336 1548 τε
1401 1475 1587 1548 ἄλλα
1653 1475 1701 1549 ἃ
1765 1474 2096 1558 παῖδες’
2072 1476 2276 1557 ὄντες
2325 1475 2663 1567 ἔμαθον,
2732 1471 2855 1547 καὶ

630 1572 952 1662 τοξεύειν
1010 1574 1139 1652 καὶ
1205 1574 1657 1666 ἀκοντίζειν,
1735 1575 1863 1651 καὶ
1928 1575 2056 1651 δια
2108 1570 2543 1668 ωνιζόμενοι
2619 1582 2857 1648 ταῦτα

633 1679 816 1777 πρὸς
864 1674 1220 1774 ἀλλήλους
1268 1676 1765 1754 διατελοῦσιν·
1840 1678 1980 1752 εἰσὶ
2008 1604 2112 1752 (ἔξ
2149 1677 2278 1752 καὶ
2290 1673 2662 1806 δημόσιοι
2688 1671 2861 1750 τού-

634 1808 791 1857 των
841 1780 1124 1908 ἀγῶνες
1170 1778 1297 1854 καὶ
1347 1776 1554 1853 ἆθλα
1604 1778 2072 1875 προτίθεται·
2145 1781 2228 1854 ἐν
2275 1771 2325 1874 ᾗ
2376 1779 2450 1853 δ’
2511 1776 2612 1852 αν
2661 1784 2857 1875 φυλῇ

636 1886 959 1957 πλεῖστοι
1009 1876 1148 1955 ὦσι
1199 1879 1782 1977 δαημονέστατοι
1831 1881 1958 1955 καὶ
2009 1875 2592 1968 εὐπειστότατόι,
2658 1882 2863 1953 ἐπαι-

636 1992 901 2060 νοῦσιν
952 1982 1023 2056 οἱ
1071 1987 1362 2057 πολῖται
1409 2011 1537 2056 και
1583 1991 1902 2077 τιμῶσιν
1953 1983 2043 2057 οὗ
2092 1977 2334 2076 μόνον
2380 1980 2516 2062 τὸν
2545 1990 2691 2057 νῦν
2729 1982 2865 2078 α’ρ-

631 2113 870 2183 χοντα
920 2084 1211 2173 αὐτῶν,
1280 2083 1463 2158 ἀλλὰ
1528 2113 1657 2159 και
1721 2083 1908 2168 ὅςτις
1972 2083 2245 2182 αυτούς
2306 2082 2582 2167 παῖδας
2646 2083 2865 2164 ὄντας

640 2185 1044 2262 ἐπαίδευσε.
1161 2187 1343 2258 Tum
1406 2189 1637 2283 paucis
1702 2188 2068 2260 interiectis
2133 2169 2354 2258 addit:
2438 2193 2678 2258 ταῦτα
2727 2210 2865 2280 μεν

640 2288 734 2385 δὴ
786 2288 857 2363 οἱ
905 2288 1172 2385 ε’φηβοι
1222 2285 1699 2383 πράττουσιν.
1800 2288 1915 2361 Ex
1968 2289 2072 2359 his
2124 2289 2320 2359 simul
2369 2296 2684 2385 apparet,
2754 2311 2868 2358 ve·-

641 2392 901 2464 rissime
966 2391 1211 2463 vidisse
1262 2389 1676 2484 Seidlerum,
1750 2392 2067 2487 scriptum
2130 2389 2337 2461 fuisse
2399 2391 2469 2460 in
2537 2390 2871 2486 epigram-

644 2502 813 2564 mate
880 2500 1107 2564 nostro
1175 2489 1582 2583 δαμοσίοις.
1717 2491 1800 2563 Id
1840 2494 2142 2564 „verbum
2218 2492 2422 2563 miror
2492 2499 2870 2587 suspectum

643 2594 919 2668 reddere
986 2602 1289 2664 conatum
1350 2616 1497 2663 esse
1547 2593 1959 2664 Boeckhium
2012 2616 2133 2683 eo,
2215 2592 2391 2687 quod
2455 2602 2692 2689 poetae
2762 2591 2871 2688 qni

645 2720 726 2767 eo
778 2716 937 2763 usus
1005 2700 1183 2763 esset
1250 2694 1619 2788 exemplum
1675 2695 2105 2764 desideraret.
2207 2692 2378 2764 Nam
2431 2719 2512 2765 ne
2566 2696 2626 2766 si
2678 2695 2870 2765 dees-

648 2802 797 2868 sent
848 2792 1109 2920 quidem
1161 2794 1489 2888 exempla,
1545 2775 1895 2890 quidquam
1926 2795 2308 2892 prohiberet
2336 2797 2707 2891 quominus,
2762 2795 2874 2891 qui

650 2904 802 2969 sunt
852 2889 1196 2990 δηιιόσιοι
1247 2893 1569 2994 ἀγῶνες,
1645 2920 1685 2966 a
1747 2897 1964 2992 poetis
2030 2897 2130 2968 sic
2183 2909 2599 2969 vocarentur.
2720 2891 2874 2970 Non

652 2998 887 3069 desunt
937 3006 1153 3067 autem
1204 2999 1534 3093 exempla.
1608 2996 1741 3070 Ne
1795 3023 2287 3070 commemorem
2334 3000 2745 3072 notissimum
2786 3000 2876 3070 il·-

650 3099 764 3171 lud
818 3096 1234 3189 Callimachi,
1290 3095 1645 3194 σικχαίνω
1694 3093 1940 3172 πάντα
1990 3097 2084 3172 τὰ
2138 3094 2498 3196 δημόσια,
2563 3102 2873 3172 habemus

653 3201 1052 3299 epigramma
1100 3201 1171 3271 in
1221 3198 1668 3296 Anthologia,
1746 3201 1919 3297 quod
1969 3202 2145 3273 inter
2191 3203 2592 3275 incertorum
2644 3213 2877 3276 aucto-

652 3328 797 3383 rum
849 3311 952 3375 est
1000 3327 1070 3373 n.
1131 3305 1301 3375 181.
1351 3303 1458 3374 his
1509 3303 1727 3375 verbis
1778 3304 2134 3400 scriptum:

907 3454 990 3534 ἐν
1017 3448 1491 3550 ’πολυθαήτῳ
1541 3452 1820 3548 τεμένει
1870 3451 2047 3536 Διὸς
2094 3451 2589 3552 ὑψιμέδοντος

1059 3554 1332 3650 ἕστηκ’,
1384 3554 1780 3631 ἀνθέντων
1828 3552 2150 3652 δημοσίᾳ
2201 3554 2548 3653 Σαμίων.

765 3727 772 3734 ’
858 3705 1212 3802 Reliquum
1267 3715 1394 3798 est,
1445 3716 1520 3779 ut
1553 3708 1761 3780 dicam
1797 3707 1951 3804 quid
1987 3707 2075 3778 sit
2108 3713 2196 3802 τῇ
2236 3706 2315 3781 ’κ
2348 3702 2657 3784 πάντων
2688 3707 2877 3805 νίκῃ.

657 3806 740 3878 Ιιι
790 3809 1218 3903 popularibus
1269 3805 1406 3880 illis
1460 3810 1959 3897 certaminibus,
2026 3819 2371 3905 postquam
2426 3812 2536 3907 qui
2589 3812 2880 3884 eiusdem

661 3910 894 3980 aetatis
948 3919 1194 4001 essent,
1247 3911 1421 3982 inter
1471 3936 1543 3982 se
1586 3910 2058 4004 decertassent,
2113 3921 2443 3983 certamen
2486 3915 2882 3986 consereba-

662 4020 770 4084 tur
820 4010 994 4080 aliud
1050 4011 1225 4106 quod
1267 4014 1347 4085 ἐκ
1388 4006 1696 4086 πάντων
1729 4012 2089 4096 dicebatur.
2190 4011 2637 4090 Luculentum
2687 4017 2882 4088 testi-

662 4112 943 4184 monium
999 4114 1268 4209 praebet
1302 4115 1648 4210 inscriptio
1681 4114 1909 4186 Attica
1951 4114 2124 4209 apud
2157 4116 2571 4188 Boeckhium
2603 4144 2673 4190 n.
2704 4120 2880 4194 232.

660 4239 731 4310 Ρ.
785 4214 960 4288 355.
1009 4214 1081 4285 in
1134 4237 1262 4332 qua
1312 4216 1663 4312 adscriptis
1714 4215 2080 4288 nominibus
2136 4218 2452 4294 victorum
2500 4220 2572 4292 in
2622 4242 2881 4317 quoque

663 4339 906 4414 genere
958 4315 1314 4390 certamina
1363 4318 1780 4400 nominantur
1828 4316 2026 4398 haec:
