3192 4992
619 379 748 452 m
1056 385 1156 446 nn
1200 383 1572 448 Anscnrm
1613 383 1992 445 rumonus
2035 379 2435 444 THEBANJS.

623 553 858 625 malum
912 573 1100 623 omen
1166 549 1440 623 ducibus
1488 549 1761 648 Argivis
1812 551 1977 644 fuit,
2032 541 2266 624 ¹tamen
2332 574 2440 622 res
2506 547 2849 640 adversae,

626 675 788 750 quas
835 653 1001 724 haec
1049 652 1396 748 tragoedia
1443 653 1697 744 habuit,
1751 677 1882 725 non
1932 654 2064 744 his,
2119 653 2236 724 sed
2289 651 2533 724 nutrici
2582 649 2852 749 Ophel-

609 761 732 827 'tae
782 754 1188 851 Hypsipylae
1240 754 1643 827 acciderunt.
1746 754 1957 846 Quam
2029 774 2219 852 quum
2287 775 2525 825 necare
2576 760 2853 850 propter

625 877 898 953 puerum
949 855 1119 927 male
1170 856 1565 928 custoditum
1624 857 1904 929 voluerit
1952 854 2310 952 Eurydice,
2365 876 2575 949 eoque
2628 855 2853 926 consi-

626 959 720 1030 lio
772 958 1059 1030 tenuerit
1099 958 1500 1076 conclusam,
1553 959 1956 1032 servaverint
1993 966 2208 1030 autem
2245 965 2648 1029 monstrante
2679 957 2851 1027 Am·-

508 1049 512 1056 ⁴
625 1059 898 1156 phiarao
951 1059 1074 1130 filii
1126 1059 1306 1147 eius,
1380 1058 1460 1129 de
1527 1059 1759 1155 quibus
1823 1060 2019 1132 rebus
2081 1060 2394 1156 exposuit
2458 1057 2848 1129 scholiastes

626 1160 938 1234 Pindari:
1005 1181 1135 1231 nou
1188 1159 1609 1231 dubitandum
1660 1162 1958 1253 videtur,
2028 1161 2182 1258 quin
2233 1158 2484 1234 Nemea
2534 1158 2617 1230 ad
2667 1159 2850 1230 illam

628 1262 1020 1360 pertinuerit
1066 1261 1442 1357 trilogiam,
1493 1262 1563 1332 in
1615 1285 1745 1358 qua
1791 1263 1918 1335 fuit
1968 1262 2312 1358 tragoedia
2360 1260 2751 1359 Hypsipyle.
2771 1262 2848 1357 Ἴ

831 1363 1027 1454 Quod
1082 1363 1139 1435 si
1193 1387 1324 1434 non
1377 1371 1481 1434 est
1534 1368 1669 1437 veri
1723 1365 1977 1455 simile,
2046 1372 2117 1436 ut
2166 1362 2417 1435 Nemea
2467 1386 2854 1459 praecesse·-

628 1463 721 1536 rit
769 1461 1041 1561 Septem
1095 1464 1175 1535 ad
1231 1464 1545 1556 Thebas,
1612 1466 1744 1537 alia
1795 1463 2379 1563 circumspicienda
2430 1474 2533 1536 est
2583 1473 2854 1558 tragoe-

633 1564 765 1657 dia,
821 1589 1011 1662 qnam
1063 1566 1336 1663 primam
1388 1567 1580 1637 huius
1632 1565 1943 1664 trilogiae
1993 1590 2241 1663 ponere
2285 1566 2642 1663 possimus.
2724 1562 2856 1635 Vi-

534 1663 794 1746 l7deor
844 1668 1001 1739 mihi
1067 1667 1334 1763 aliquod
1386 1666 1468 1739 de
1519 1670 1663 1741 eius
1715 1678 2097 1765 argumento
2161 1667 2472 1740 indicium
2521 1665 2854 1738 invenisse

627 1767 696 1838 in
728 1765 1002 1864 Septem
1056 1768 1139 1840 ad
1168 1768 1442 1841 Thebas
1493 1793 1558 1842 Υ.
1591 1773 1768 1847 576.
1820 1772 1930 1842 ubi
1980 1793 2223 1869 praeco
2277 1769 2378 1842 sic
2415 1768 2498 1841 de
2531 1768 2856 1865 Amphia-

627 1889 745 1980 ruo
796 1871 1171 1966 praedicat.

818 2015 1268 2115 Ομολωΐσιν
1318 2018 1400 2096 δε
1451 2021 1635 2118 πρὸς
1683 2005 1947 2105 πύλαις
1994 2020 2436 2147 τεταγμένος

826 2128 1117 2197 κακοῖσι
1162 2119 1378 2219 βάζει
1426 2122 1659 2198 πολλὰ
1719 2122 2012 2207 Τυδέως
2057 2121 2268 2220 βίαν,

704 2270 709 2274 -
828 2222 964 2297 τὸν
1014 2220 1565 2324 ἀνδροφόντην,
1623 2224 1759 2302 τὸν
1806 2220 2083 2308 πόλεως
2130 2221 2554 2323 ταράκτορα

815 2323 1179 2452 μέγιστον
1212 2326 1481 2430 Ἄργει,
1530 2326 1667 2403 τὸν
1715 2335 1968 2403 κακῶν
2018 2324 2500 2415 διδάσκαλον,

815 2422 1147 2526 Ερινύος
1192 2434 1538 2527 κλητῆρα,
1589 2427 2001 2524 πρόςπολον
2052 2423 2341 2556 φόνου,

828 2536 1083 2606 κακῶν
1131 2527 1208 2603 δ’
1253 2529 1645 2638 Ἀδράστῳ
1690 2529 1929 2607 τῶνδε
1977 2525 2530 2631 βουλευτήριον.

631 2675 804 2750 Tam
857 2678 1310 2774 significanter
1357 2680 1523 2753 haec
1573 2691 2029 2776 coagmentata
2079 2691 2256 2774 sunt,
2306 2691 2384 2755 ut
2433 2706 2562 2780 qno
2592 2671 2857 2777 singula

629 2787 931 2898 spectent
981 2779 1095 2849 vix
1131 2779 1430 2851 videatur
1465 2782 1545 2852 ab
1590 2782 2005 2856 audientibus
2039 2785 2202 2856 satis
2237 2785 2492 2883 percipi
2527 2784 2852 2880 potuisse,
2898 2855 2908 2862 ,

627 2880 757 2952 nisi
807 2901 1200 2976 praegressa
1265 2890 1444 2953 esset
1507 2883 1737 2954 harum
1802 2907 2020 2956 rerum
2072 2886 2355 2958 omnium
2413 2886 2680 2958 uberior
2729 2909 2855 2958 ex-

626 2982 926 3079 plicatio.
1028 2980 1212 3055 Hinc
1258 2981 1542 3056 fortasse
1584 3010 1716 3057 uon
1751 2984 2079 3079 fallemur,
2133 2988 2191 3059 si
2226 2997 2675 3084 argumentum
2710 2986 2856 3084 pri-

628 3099 772 3155 mae
820 3083 1202 3180 tragoediae
1254 3109 1341 3156 ex
1392 3085 1496 3158 his
1535 3085 1813 3159 Homeri
1863 3089 2161 3162 versibus
2213 3097 2539 3186 sumptum
2589 3088 2857 3185 putabi-

626 3207 797 3312 mus,
851 3183 1052 3257 Iliad.
1103 3183 1238 3259 IV.
1292 3189 1468 3264 376.
1519 3187 1634 3260 ubi
1684 3189 1783 3261 sic
1835 3189 1916 3262 de
1969 3190 2208 3287 Tydeo
2259 3196 2707 3289 Agamemno·

826 3333 990 3432 ἤτοι
1036 3332 1178 3431 μὲν
1222 3337 1373 3467 ἴὰρ
1424 3339 1595 3435 ἄτερ
1648 3340 1968 3437 πολέμου
2019 3346 2303 3440 εῖςῆλθε
2354 3337 2729 3439 Μυκήνας

719 3453 730 3463 ’
828 3442 1067 3536 κεῖνος
1115 3467 1247 3568 ast,
1308 3440 1637 3537 ἀντιθέῳ
1688 3441 2149 3534 Πολυνείκεϊ,
2201 3442 2383 3520 λαὸν
2432 3441 2780 3572 ἀγείρων,

831 3539 907 3624 οἵ
948 3541 1043 3635 ῥα
1091 3536 1247 3614 τότ’
1308 3539 1815 3670 leutgardam?
1874 3543 2036 3642 ἱερὰ
2076 3543 2260 3644 πρὸς
2290 3543 2532 3642 τείχεα
2569 3542 2847 3643 Θήβης·

813 3638 957 3740 ,καί
1006 3644 1100 3736 ῥα
1148 3639 1351 3738 μαλα
1402 3643 1742 3720 λίσσοντο
1774 3643 2006 3741 δόμεν
2033 3646 2356 3731 κλειτοὺς
2396 3644 2846 3744 ἐπικούρους.

831 3742 902 3818 οἳ
952 3739 1024 3816 δ’
1084 3744 1347 3820 ε’θελον
1397 3742 1709 3841 δόμεναι
1755 3749 1883 3821 καὶ
1933 3744 2264 3878 ἐπῄνεον,
2317 3748 2419 3833 ὥς
2467 3749 2818 3824 ἐκελευον·

654 3847 659 3864 ”
767 3927 774 3938 .
830 3837 1015 3924 ἀλλὰ
1062 3844 1253 3930 Ζευς
1299 3847 1581 3988 ε’τρεψε,
1629 3849 1988 3946 παραίσια
2039 3846 2333 3948 σήματα
2382 3850 2703 3951 φαίνων.

624 3999 730 4067 Ao
776 3993 1062 4069 fortasse
1112 3999 1309 4070 etiam
1360 3997 1585 4073 eornm
1636 4001 1882 4100 aliquid
1901 4053 1925 4094 ,
1995 4026 2160 4101 qnae
2211 4003 2522 4102 deinceps
2576 4005 2846 4103 copiose

795 4250 856 4332 ὓ)
904 4252 1148 4312 Conferre
1191 4256 1384 4333 aliquid
1428 4257 1493 4316 ad
1531 4257 1690 4318 huius
1732 4263 1810 4318 rei
1851 4261 1985 4340 expli
1968 4263 2237 4320 mationem
2278 4267 2466 4337 poterit
2499 4264 2698 4362 pictura
2739 4265 2845 4319 exi·
2900 4263 2905 4268 ’

626 4340 729 4394 mia
771 4340 826 4394 in
867 4357 1018 4408 vase,
1073 4359 1222 4414 quam
1268 4341 1426 4399 edidit
1469 4363 1518 4401 a.
1565 4341 1747 4403 1838.
1790 4345 1895 4402 Ber
1896 4348 2019 4403 oliui
2061 4346 2128 4404 E.
2156 4346 2236 4404 Ge
2240 4345 2458 4404 rhardus
2500 4350 2556 4404 in
2600 4346 2740 4404 disse
2743 4356 2841 4404 r·ta

625 4426 782 4492 tione,
828 4425 908 4478 cui
952 4417 1134 4480 titulus
1179 4424 1534 4487 Archemoros
1573 4434 1694 4487 und
1736 4429 1825 4489 die
1867 4432 2229 4505 Hesperidon.
