3192 4992
1135 365 1324 426 PARS
1372 361 1818 424 Pos'mmon.
2481 365 2614 436 ωῚ

352 534 573 607 noetis
623 472 883 607 oculum
933 534 1156 605 lunam
1206 553 1357 604 esse
1402 553 1770 603 censemus.
1872 521 2181 605 Tertiam
2211 528 2317 606 his
2350 559 2590 610 recen-

354 635 561 708 tiores
622 634 957 708 addidisse
1006 629 1313 706 videutur
1361 631 1608 722 Loxe,
1669 631 1869 705 ‘cuius
1919 635 2167 706 mentio
2241 645 2365 732 est!
2411 640 2588 735 apud

351 731 654 809 Nonssum
707 736 806 809 V-
857 733 1036 811 489·
1089 742 1158 808 et
1205 729 1432 830 Etyma
1483 734 1592 805 Μο
1641 733 1712 804 in
1758 728 1992 817 Οὖπὶς
2050 756 2124 833 Po
2176 738 2355 812 641·
2405 750 2585 814 extr·

228 851 258 925 ἢ
352 835 800 911 Callimachus
848 839 922 910 h.
971 837 1136 910 Deli
1184 861 1252 908 v.
1304 838 1481 912 292.

559 982 795 1073 Οὗπίς
841 1017 921 1064 τε
969 983 1195 1073 Aa&
1244 1016 1324 1063 τε
1371 975 1499 1063 κάὶ
1549 979 1826 1062 ebalum
1866 979 2231 1089 Ἑκαέργῃ.

347 1139 569 1214 Huius
636 1163 896 1238 qaoque
960 1141 1455 1238 perambiguum
1521 1163 1759 1212 nomeu
1830 1163 1911 1211 ex
1969 1139 2247 1235 quadam
2298 1142 2586 1214 naturali

347 1266 586 1332 caussa
634 1235 1062 1341 repetendum
1112 1252 1300 1339 poto.
1404 1240 1606 1314 Certe
1659 1241 1718 1312 si
1773 1235 1853 1312 ad
1904 1240 2190 1312 Dianam
2240 1243 2407 1315 haec
2454 1238 2683 1316 no-ll

346 1345 524 1416 mina
573 1345 972 1436 referuntur,
1027 1339 1201 1416 haud
1252 1344 1531 1416 absurde
1560 1343 1732 1439 Upis
1782 1342 2038 1439 plenam
2075 1343 2323 1435 lunam,
2375 1342 2583 1432 Loxe

344 1467 481 1518 non
530 1447 834 1543 plenam,
903 1445 1019 1518 sed
1073 1443 1282 1518 veluti
1345 1470 1434 1517 ex
1500 1445 1769 1546 obliquo
1835 1453 2166 1535 tuentem,
2234 1444 2585 1542 Hecaerge

346 1557 567 1620 autem
634 1572 892 1620 omnem
958 1549 1102 1621 eius
1180 1554 1572 1644 potestatem
1655 1545 2081 1642 significabit.
2209 1546 2582 1644 Apollinem

348 1650 610 1746 quidem
676 1650 756 1720 ab
828 1650 1111 1746 obliquis
1163 1649 1450 1721 oraculis
1501 1644 1793 1731 Λοξίαν
1857 1647 2101 1719 dictum
2165 1671 2316 1720 esse
2383 1649 2582 1723 facile

347 1752 600 1848 patiar:
668 1775 801 1823 nou
850 1737 1113 1823 credan'n
1164 1752 1406 1822 factum
1456 1750 1527 1822 id
1578 1773 1815 1821 nomen
1866 1773 1953 1820 ex
2004 1748 2240 1849 λέγειν
2288 1774 2464 1822 esse.

549 1851 693 1923 Iam
745 1854 805 1924 si
856 1853 1022 1924 haec
1071 1873 1329 1948 quoque
1381 1876 1468 1923 ex
1518 1852 1881 1948 longinquo
1945 1850 2155 1922 solem
2219 1859 2292 1921 et
2357 1847 2581 1941 luna‘m

344 1953 819 2044 demonstrant,
871 1977 1005 2040 non
1033 1953 1284 2050 inepte,
1339 1940 1603 2050 epindr,
1657 1953 2109 2043 coniiciemus,
2164 1953 2277 2047 qui
2308 1951 2582 2050 Apolli-

342 2056 447 2128 nis
499 2065 568 2127 et
603 2054 864 2126 Dianae
917 2075 1106 2127 sacra
1155 2057 1225 2126 iu
1268 2053 1623 2128 Graeciam
1664 2055 2052 2144 intulerunt,
2108 2077 2147 2125 a
2178 2052 2411 2126 Persis
2451 2055 2582 2125 du-

338 2177 496 2228 cere
548 2177 786 2253 genus,
838 2157 944 2227 vel
997 2177 1399 2229 communem
1451 2179 1597 2228 cum
1648 2155 1881 2227 Persis
1932 2155 2173 2226 habere
2227 2156 2578 2251 originem.

340 2255 513 2329 Nam
579 2279 777 2355 quum
843 2267 1165 2353 cognatos
1227 2260 1404 2328 inter
1469 2277 1542 2329 se
1607 2279 1759 2329 esse
1824 2255 2129 2329 Graecos
2197 2264 2267 2327 et
2331 2257 2577 2329 Persas

340 2358 715 2455 linguarum
782 2361 1185 2454 comparatio
1252 2358 1591 2448 docuerit,
1668 2358 1866 2429 etiam
1929 2357 2010 2427 de
2076 2357 2272 2428 rebus
2336 2357 2576 2429 divinis

336 2457 714 2532 consimilia
763 2468 1109 2557 utrumque
1159 2459 1473 2556 populum
1525 2459 1814 2530 sensisse
1846 2458 2161 2548 credibile
2197 2467 2327 2529 est.
2429 2458 2579 2530 De·-

340 2561 552 2633 fendit
601 2583 747 2632 eam
799 2561 1226 2651 seutentiam,
1295 2568 1369 2632 ut
1420 2562 1591 2632 alios
1641 2568 1935 2650 taceam,
2001 2560 2198 2630 etiam
2247 2560 2339 2630 A.
2392 2558 2577 2632 Boe-

341 2661 579 2738 ckhius
627 2663 698 2733 iu
748 2662 881 2732 fine
932 2661 1075 2734 eius
1127 2660 1638 2752 dissertationi89
1693 2683 1883 2757 quam
1937 2659 2019 2730 de
2064 2660 2367 2731 Midiana
2417 2685 2576 2732 ora·—

339 2764 524 2835 tioue
606 2763 1081 2835 Demosthenis
1161 2765 1472 2860 scriptam
1556 2763 1839 2835 inseruit
1915 2761 2572 2835 commentationibus

337 2865 735 2937 Academiae
766 2863 1225 2936 Berolinensis
1276 2889 1341 2936 a.
1400 2867 1622 2940 1818.
1673 2864 1835 2937 licet
1882 2864 2001 2934 ille
2052 2886 2184 2934 non
2234 2863 2412 2935 iusta
2458 2887 2573 2934 ra-

338 2966 794 3056 tiocinatione,
846 2966 1021 3061 quod
1069 2963 1321 3038 Persae
1372 2964 1525 3039 Soli
1577 2990 1784 3062 equos
1835 2963 2379 3056 sacrificaverint,
2431 2961 2574 3036 So-

337 3068 469 3139 lem
534 3092 683 3140 cum
747 3069 1037 3163 equestri
1087 3065 1397 3164 Neptuno
1464 3067 1763 3138 eumdem
1830 3064 2084 3163 putavit
2149 3064 2341 3136 deum
2392 3088 2572 3137 esse.

337 3170 432 3241 At
481 3168 802 3267 Neptunii
866 3169 1018 3263 equi
1079 3168 1298 3250 fontes
1365 3178 1518 3240 suut
1566 3169 1865 3240 salientis
1916 3190 2164 3263 aquae,
2242 3165 2571 3237 interd-n

336 3271 538 3343 etiam
586 3291 813 3362 naves,
868 3269 1035 3342 αἵθ’
1098 3267 1272 3352 ἁλὸς
1316 3270 1526 3343 ἵπποι
1575 3269 1811 3364 ἔασιν,
1864 3268 2036 3366 quod
2070 3292 2201 3339 non
2235 3275 2396 3363 puto
2440 3268 2571 3340 in·-

335 3369 760 3470 probatu'rum
825 3371 1033 3443 fuisse
1099 3370 1182 3444 C.
1235 3367 1356 3446 Fr.
1407 3367 1856 3444 Hermanuum
1917 3371 1988 3441 in
2055 3368 2568 3459 Quaestionibus

338 3472 750 3571 Oedipodeis
798 3499 871 3570 p.
908 3476 1034 3547 84.
1086 3474 1425 3546 mirantem
1478 3496 1678 3544 naves
1729 3472 2060 3545 hominum
2113 3470 2408 3541 manibus
2457 3469 2567 3541 fa—

338 3584 482 3648 ctas
532 3576 601 3646 iu
652 3574 892 3646 fabulis
944 3576 1209 3671 equino,
1261 3585 1332 3648 et
1379 3597 1511 3647 non
1563 3598 1686 3647 suo
1735 3574 1995 3645 nomine
2031 3572 2283 3662 vocari,
2336 3571 2400 3642 si
2447 3573 2598 3643 reas
2695 3645 2700 3656 ,

238 3757 241 3760 ,
334 3684 661 3775 putasset,
712 3676 1051 3773 proprium
1088 3699 1235 3749 esse
1263 3686 1555 3748 veterum
1576 3673 1969 3765 fabularum,
2004 3674 2308 3769 quoniam
2344 3673 2562 3745 omm'a

337 3802 538 3877 agere
591 3777 839 3873 aliquid
891 3778 1188 3874 fingunt,
1261 3780 1457 3850 etiam
1510 3777 1729 3849 omnia
1790 3784 1867 3849 ut
1924 3777 2061 3847 vita
2109 3773 2410 3872 praedita
2457 3775 2568 3847 in-

337 3879 713 3954 troducere.
817 3876 953 3950 Sed
1008 3881 1173 3953 haec
1221 3881 1289 3951 in
1341 3879 1649 3951 transitu.
1751 3876 1986 3974 Ignem
2036 3877 2228 3948 deum
2262 3897 2410 3949 esse
2442 3876 2567 3947 ha·-

337 3982 537 4054 bitum
591 4005 632 4053 a
682 3975 912 4052 Persis
963 4005 1083 4052 res
1126 3992 1231 4053 est
1280 3982 1663 4072 notissima,
1734 4003 1948 4076 neque
2000 4001 2166 4076 opus
2218 3985 2320 4049 est
2368 3976 2565 4050 testi-

337 4085 556 4155 monia
605 4083 841 4155 afferre
859 4133 883 4172 ‚
956 4083 1087 4154 uisi
1153 4105 1318 4179 quae
1372 4083 1619 4155 arctius
1672 4106 1816 4155 cum
1872 4104 2105 4152 caussa
2153 4088 2382 4152 nostra
2431 4079 2567 4150 sint

338 4186 709 4257 coniuncta.
810 4183 1195 4257 Herodotus
1246 4182 1391 4255 III.
1448 4186 1570 4259 16.
1641 4182 1930 4280 Πέρσαι
1993 4180 2139 4282 γὰρ
2201 4179 2391 4253 θεὸν
2435 4204 2568 4252 νο-

334 4281 636 4379 μίζουσι
682 4282 872 4361 εἶναι
922 4292 1094 4383 πῦρ.
1198 4285 1390 4358 Unde
1456 4286 1539 4357 de
1607 4284 2064 4358 efficacissima
2128 4308 2352 4355 eorum
2406 4303 2570 4375 sup·
2666 4367 2671 4373 ¹

339 4388 701 4484 plicatione
750 4387 1152 4462 Plutarchus
1202 4389 1284 4461 de
1334 4388 1549 4485 primo
1598 4386 1844 4486 frigido
1897 4386 2227 4458 disserens
2276 4408 2349 4480 p.
2388 4381 2570 4457 950.
2715 4447 2719 4454 .
