3192 4992
650 361 773 452 1'48
1205 381 1800 445 EMENDATman
1842 371 2314 441 PmnAchE.

645 546 1033 649 μοζόντων
1081 547 1208 623 καὶ
1255 542 1964 637 κατασκευαζόντων,
2012 542 2380 621 τεκτόνων
2429 541 2874 638 ποικίλματα

649 655 701 726 ἄ
751 680 860 727 ων
907 650 1042 724 τὸν
1067 656 1438 746 ιΚρισαῖον
1487 646 1725 748 λόφον
1773 646 1963 722 κατὰ
2012 646 2098 720 τὸ
2147 643 2578 722 κοιλόπεδον
2614 643 2877 720 πεδίον

647 757 689 829 ἔ
735 745 923 852 ραμε
970 760 1105 826 τοῦ
1143 747 1619 834 Ἀπόλλωνος.
1722 750 1832 822 De
1882 752 2426 847 interpretatione
2468 774 2599 821 non
2641 772 2876 819 assen-

648 859 781 930 tior
829 854 1215 945 Boeckhio‚
1285 855 1588 950 quoniam
1642 853 1859 925 omnia
1909 853 2115 923 multo
2180 851 2442 924 facilius
2495 859 2562 922 et
2612 850 2873 945 planius

650 958 976 1055 explicari
1022 964 1327 1053 possunt.
1443 954 1632 1027 Inter
1684 953 1987 1026 Cirrham
2053 962 2122 1026 et
2170 952 2476 1050 Delphos
2543 951 2738 1023 collis
2804 956 2873 1021 et

649 1084 848 1155 rupes
901 1066 1040 1146 est,
1112 1057 1192 1128 ad
1248 1080 1516 1154 eamque
1569 1057 1802 1147 vallis,
1869 1055 1937 1127 in
1991 1078 2118 1151 qua
2166 1054 2661 1151 hippodromus.
2760 1050 2871 1122 De

649 1163 822 1234 colle
873 1161 940 1231 in
992 1158 1351 1231 Homerico
1402 1160 1640 1253 hymno
1690 1156 2027 1254 Apollinis
2079 1158 2398 1253 scriptum
2448 1180 2513 1227 v.
2567 1157 2743 1228 282.

949 1309 1100 1381 ἵκεο
1151 1306 1224 1383 δ’
1285 1309 1356 1391 ἐς
1404 1304 1738 1405 Κρίσσην
1786 1304 1931 1382 ὑπὸ
1982 1304 2440 1404 Παρνησσὸν
2488 1299 2844 1401 νιφόεντα
2900 1309 2906 1320 ’

948 1408 1284 1507 κρημνὸν
1346 1409 1529 1506 πρὸς
1555 1409 1942 1509 ,Ζέφυρον
2006 1406 2548 1506 τετραμμένον,
2633 1403 2872 1501 αὐτὰρ

1105 1515 1118 1524 '
1965 1508 2296 1607 ὕπερθεν

952 1610 1175 1708 πέτρη
1208 1610 1707 1710 ἐπικρέμαται,
1756 1608 1959 1706 κοίλη
1994 1610 2068 1685 δ’
2108 1610 2569 1708 ὑποδέδρομε
2597 1609 2873 1706 βῆσσα,

950 1741 1271 1811 τρηχεια.
2039 1728 2051 1740 ·

649 1866 1016 1938 Pausanias
1067 1865 1170 1935 X.
1224 1867 1348 1955 37,
1401 1868 1476 1938 4.
1528 1865 1602 1945 ἐς
1652 1860 1733 1937 δὲ
1767 1860 2048 1959 Κίῤῥαν
2094 1860 2180 1937 τὸ
2209 1859 2526 1938 ἐπίνειον
2558 1866 2876 1959 Δελφῶν

654 1964 830 2048 ὁδὸς
875 1963 1018 2062 μὲν
1070 1963 1401 2040 σταδίων
1451 1959 1801 2060 ἑξήκοντά
1852 1968 2052 2039 ἐστιν
2101 1968 2182 2038 ἐκ
2230 1971 2581 2061 Δελφῶν·
2648 1991 2876 2036 κατα-

651 2063 880 2166 βάντι
930 2064 1012 2141 δὲ
1064 2070 1137 2149 ἐς
1184 2065 1269 2139 τὸ
1321 2051 1578 2140 πεδίον
1628 2061 2086 2163 ἱππόδρομός
2125 2065 2210 2139 τέ
2232 2068 2411 2153 ἐστι,
2462 2064 2589 2139 καὶ
2616 2065 2875 2167 ἀγῶνα

654 2164 928 2244 Πύθια
994 2169 1306 2270 ἄγουσιν
1372 2170 1713 2242 ἐνταῦθα
1773 2167 1908 2243 τὸν
1955 2163 2274 2242 ἱππικόν.
2390 2167 2713 2240 Eamdem
2762 2192 2878 2238 ru-

654 2298 806 2369 pem
858 2272 1257 2367 significavit
1284 2270 1615 2342 Pindarus
1665 2270 1867 2366 Pyth.
1919 2271 2021 2341 Χ.
2058 2272 2177 2344 15.
2233 2271 2424 2367 (23.)
2479 2270 2583 2341 his
2624 2268 2873 2340 verbis:

654 2374 876 2468 ἔθηκε
925 2369 1051 2445 καὶ
1100 2370 1621 2468 βαθυλείμων’
1669 2370 1816 2446 ὑπὸ
1844 2369 2114 2467 Κίῤῥας
2144 2368 2354 2471 ἀγών
2393 2369 2671 2466 πέτραν
2696 2395 2876 2465 κρα-

651 2472 1013 2570 τησίποδα
1046 2471 1391 2570 Φρικίαν.
1492 2473 1731 2570 Itaque
1760 2478 2121 2572 Κρισαῖον
2163 2469 2399 2570 λόφον
2440 2497 2633 2568 quum
2669 2471 2876 2565 ἀμεῖ-

653 2595 797 2672 ψαι
848 2575 1090 2646 dieitur
1141 2574 1544 2665 Carrhotus,
1614 2584 1717 2646 est
1766 2576 1832 2645 id
1888 2576 1969 2646 de
2020 2571 2167 2671 ipso
2222 2576 2574 2646 certamine
2624 2573 2879 2645 intelli-

654 2676 962 2771 gendum.
1092 2673 1202 2747 Ita
1280 2683 1467 2771 patet
1532 2685 1714 2746 reete
1783 2675 2026 2747 dictum
2095 2700 2240 2747 esse
2309 2675 2519 2804 ἄῖων
2582 2683 2875 2771 tempore

647 2775 1013 2872 praesenti.
1141 2772 1286 2844 Iam
1352 2799 1582 2846 currus
1648 2800 2005 2872 suspensus
2071 2785 2174 2847 est
2237 2774 2386 2849 ἀνα
2450 2771 2877 2850 κοιλόπεδον

561 2871 891 2957 19νάπος
938 2877 1171 2947 θεοῦε
1251 2899 1400 2946 nam
1467 2878 1612 2972 quis
1677 2877 1744 2947 in
1797 2885 1996 2972 poeta
2046 2903 2176 2949 non
2226 2877 2435 2970 ferat,
2504 2879 2763 2950 etiamsi
2809 2879 2877 2948 in

655 2979 903 3074 templo
955 2977 1291 3073 Apollinis
1349 2976 1687 3049 dedicatus
1753 2980 1842 3049 sit
1907 3003 2138 3050 currus
2152 3031 2176 3070 ‚
2244 2981 2548 3051 universe
2615 2981 2876 3070 vallem,

606 3167 616 3178 .
653 3082 726 3151 in
779 3103 907 3176 qua
957 3079 1114 3150 urbs
1168 3103 1314 3149 cnm
1347 3080 1594 3175 templo
1641 3080 1768 3151 sita
1802 3088 1928 3170 est,
1981 3076 2357 3153 nominari?
2456 3080 2565 3153 De
2597 3105 2676 3153 ea
2706 3081 2876 3152 valle

655 3180 1024 3252 Pausanias
1075 3180 1178 3250 X.
1231 3181 1356 3269 6,·
1396 3183 1461 3254 l.
1532 3179 1678 3253 ἀπὸ
1740 3175 2010 3254 τούτου
2076 3180 2159 3256 δὲ
2224 3189 2361 3256 τοῦ
2415 3187 2879 3280 Παρνασσοῦ

662 3284 902 3382 (virum
958 3282 1152 3378 dicit)
1220 3287 1327 3376 τῷ
1393 3309 1472 3353 τε
1539 3280 1689 3378 ὄρει
1757 3280 1844 3355 τὸ
1912 3283 2150 3377 ὄνομα
2210 3286 2524 3379 τεθῆναι
2589 3282 2879 3385 λέγουσι

659 3383 786 3458 καὶ
837 3379 1340 3480 Παρνασσίαν
1390 3381 1912 3478 ὀνομασθῆναι
1962 3381 2230 3480 νάπην.
2335 3387 2508 3481 Quid
2564 3386 2764 3482 quod,
2822 3386 2879 3456 si

662 3510 766 3576 ea,
821 3507 986 3580 quae
1037 3486 1108 3555 in
1147 3484 1307 3555 urbe
1338 3479 1537 3579 νάπη
1573 3486 1947 3576 vocabatur,
1999 3487 2431 3584 intelligenda
2457 3496 2659 3579 esset,
2711 3488 2882 3560 falsa
2936 3547 2947 3552 ,

661 3587 946 3658 dixisset
993 3596 1231 3682 poetaz
1298 3588 1613 3681 templum
1663 3588 1833 3658 enim
1885 3588 1951 3658 in
1988 3612 2237 3660 summa
2280 3599 2467 3685 parte
2500 3589 2680 3661 urbis
2712 3598 2880 3663 erat.

663 3687 968 3762 Statuam
1017 3688 1344 3783 ligneam,
1399 3712 1587 3784 quam
1641 3698 1957 3760 memorat
2004 3687 2375 3783 Pindarus),
2441 3699 2718 3787 propter
2770 3714 2884 3762 ve-

603 3837 609 3843 ·
662 3796 973 3861 tustatem
1038 3814 1161 3886 pro
1228 3789 1417 3886 signo
1469 3788 1812 3867 Daedaleo
1881 3791 2166 3863 habitam
2232 3816 2378 3864 esse
2429 3794 2885 3889 suspicabatur
2916 3831 2934 3844 -

663 3888 1010 3962 Hoeekius
1078 3892 1149 3961 in
1202 3888 1403 3962 Creta
1458 3891 1589 3964 vol.
1641 3890 1783 3963 III.
1856 3917 1927 3988 p.
1985 3896 2154 3968 161.
2223 3896 2587 3991 comparari
2625 3895 2883 3966 ,iubens

665 3991 1145 4063 Philostratmn
1208 3992 1277 4063 in
1342 3993 1478 4064 vita
1540 3992 1888 4089 Apollonii
1950 3994 2086 4067 VI.
2158 3998 2279 4069 11.
2358 4004 2425 4067 et
2486 3995 2885 4067 Pausaniam

667 4093 773 4165 X.
823 4091 900 4166 5.
967 4092 1084 4165 sed
1136 4092 1308 4190 apud
1357 4094 1480 4166 hos
1532 4095 1700 4165 nihil
1746 4094 2049 4188 invenio,
2118 4096 2290 4193 quod
2340 4097 2509 4169 hane
2556 4098 2887 4193 suspicio-

668 4219 821 4268 nem
868 4192 1112 4266 firmet.
1211 4193 1298 4266 In
1344 4203 1680 4292 postremo
1734 4219 1930 4268 versu
1995 4199 2169 4294 quod
2217 4197 2598 4270 Boeekhius
2651 4198 2884 4289 edidit,

669 4295 807 4369 τὸν
853 4290 1364 4393 μονόδροπον,
1438 4292 1721 4394 φυτόν,
1801 4298 1902 4370 sie
1960 4298 2106 4396 ipse
2174 4300 2405 4372 vertitz
2484 4298 2693 4374 mede
2742 4302 2889 4373 illa
2996 4349 3001 4356 -

671 4394 899 4471 habet
944 4399 1420 4498 cupressina
1452 4398 1819 4474 aedicula
1868 4398 1985 4475 ad
2025 4402 2333 4500 signum
2375 4426 2649 4503 prope,
2708 4402 2886 4476 Cre-
