3192 4992
613 351 790 447 jus
1131 353 1413 419 onA‘rlo
1455 352 1538 416 m
1578 354 1831 417 sAcms
1874 342 2400 416 summamus,

604 524 837 608 sssibus
901 520 1131 594 eadem
1195 544 1395 614 cura,
1493 530 1696 618 qnae‘
1743 521 1894 594 aliis
1971 514 2336 594 litterarum
2417 517 2890 611 monumentis,

656 628 854 700 etiam
919 625 1129 697 sacris
1193 624 1383 696 libris
1435 623 1896 715 adhiberetur,
1975 624 2232 720 primo,
2303 621 2417 718 qui
2469 645 2704 718 sapere
2755 621 2884 692 sibi

576 783 593 792 -
654 728 1081 817 videbantur,
1153 725 1509 816 miracula,
1578 725 1660 797 de
1726 726 1961 821 quibus
2022 726 2094 797 in
2141 724 2332 796 libris
2381 723 2522 794 illis
2574 722 2888 795 traditum

654 840 783 920 est,
835 853 919 900 ex
976 828 1230 900 caussis
1280 828 1687 899 naturalibus
1741 836 2041 923 repetere
2083 827 2538 914 instituerunt,
2590 849 2712 896 non
2760 849 2888 896 co·-

655 932 942 1030 gitantes
991 931 1281 1021 nullam,
1351 953 1518 1025 qnae
1582 929 1663 1000 ab
1718 929 1937 1000 divino
1989 929 2212 1025 legato
2265 934 2542 1023 accepta
2589 933 2888 1022 putatur,

654 1032 1044 1128 religionem
1110 1054 1338 1103 carere
1407 1038 1520 1102 aut
1569 1054 1797 1102 carere
1848 1055 2045 1127 posse
2100 1029 2472 1119 miraculiS,
2554 1052 2676 1098 nee
2719 1027 2881 1122 quid

653 1135 898 1206 factum
953 1148 1102 1203 esse
1154 1133 1469 1204 credibile
1522 1132 1651 1223 sit,
1733 1132 1852 1203 sed
1920 1131 2076 1227 quid
2131 1131 2451 1203 creditum
2503 1130 2593 1202 sit
2641 1128 2882 1201 factum

656 1260 846 1326 esse,
912 1242 1223 1330 oportere
1275 1233 1589 1330 spectari.
1690 1232 1858 1305 Inde
1907 1234 2173 1329 longius
2222 1232 2573 1330 progressi
2625 1230 2884 1302 omnino

654 1337 725 1409 in
792 1336 990 1407 iidem
1057 1343 1252 1431 atque
1319 1336 1777 1407 anctoritatem
1841 1336 2106 1408 illorum
2158 1335 2475 1406 librorum
2523 1333 2892 1428 inquisive-

657 1448 850 1511 runtz
921 1437 1089 1534 quae
1139 1436 1653 1532 disceptationes
1707 1461 1900 1533 quum
1954 1460 2111 1527 non,
2164 1444 2239 1508 ut
2288 1459 2412 1533 par
2461 1443 2643 1525 erat,
2715 1434 2893 1505 inter

660 1541 892 1612 doctos
960 1539 1495 1630 continerentur,
1561 1539 1676 1609 sed
1744 1539 2170 1634 vulgarentur
2231 1538 2298 1609 in
2365 1537 2725 1634 populum,
2795 1536 2898 1606 ita

656 1642 1055 1713 labefactata
1107 1648 1258 1712 sunt
1307 1640 1455 1737 ipsa
1505 1640 1923 1712 fundamenta
1965 1639 2337 1736 religionis,
2389 1648 2487 1730 nt,
2542 1663 2739 1734 quum
2775 1636 2898 1709 alii

657 1743 821 1815 nibil
900 1742 1001 1812 vel
1067 1763 1279 1838 panca
1342 1764 1566 1812 eornm
1637 1765 1801 1837 qnae
1870 1741 2116 1814 tradita
2178 1748 2333 1813 sunt
2382 1740 2694 1831 credant,
2775 1737 2896 1809 alii

660 1852 875 1916 autem
928 1850 1145 1912 utrum
1197 1842 1446 1937 aliquid
1501 1867 1704 1915 nec-ne
1757 1842 2149 1915 credendum
2187 1843 2279 1915 sit
2326 1841 2649 1931 dubitent,
2703 1838 2899 1911 multi

658 1944 1193 2040 religiosiorum,
1263 1951 1618 2016 attrectare
1681 1953 1911 2016 sancta
1965 1951 2303 2034 verentes,
2366 1944 2441 2015 in
2493 1942 2899 2015 contrarium

660 2071 735 2119 se
803 2045 1280 2141 praecipitent,
1353 2045 1824 2142 repudiataqne
1889 2047 2145 2117 ratione
2211 2045 2294 2117 ad
2365 2044 2898 2143 superstitiosam

648 2144 1116 2222 credulitatem
1171 2147 1593 2242 confugiant,
1659 2156 1753 2239 et,
1808 2147 2110 2244 quoniam
2161 2147 2423 2244 penitus
2475 2146 2900 2242 depravatam

663 2274 813 2322 esse
866 2249 1210 2321 humanam
1252 2258 1550 2320 naturam
1590 2258 1887 2340 censent,
1940 2248 2109 2321 nibil
2142 2273 2215 2321 se
2249 2271 2370 2320 sua
2407 2247 2651 2320 virtute
2693 2269 2896 2344 posse

662 2353 1092 2440 arbitrentur,
1149 2350 1267 2421 sed
1319 2351 1498 2447 turpi
1532 2351 1799 2447 ignavia
1840 2351 2032 2423 unice
2061 2351 2372 2422 solatium
2410 2356 2732 2446 quaerant
2766 2348 2900 2420 im·-

661 2451 989 2551 plorando
1058 2451 1308 2525 auxilio
1377 2451 1638 2524 divino:
1711 2477 2014 2550 quorum·
2047 2452 2401 2524 nonnullos
2451 2451 2655 2523 tantis
2706 2449 2902 2522 audi·

662 2580 807 2627 mus
861 2554 1193 2625 cruciatos
1247 2577 1393 2625 esse
1448 2555 1891 2626 conscientiae
1945 2554 2339 2650 angoribus,
2366 2563 2511 2646 Ἧι,
2566 2577 2761 2649 quum
2818 2552 2900 2624 de

669 2657 911 2729 virtute
977 2677 1101 2726 sua
1166 2661 1233 2725 et
1296 2655 1509 2726 salute
1562 2655 2030 2752 desperarent,
2102 2656 2316 2751 primo
2382 2655 2453 2726 in
2505 2678 2901 2745 moerorem,

644 2770 755 2828 'ex
808 2777 1110 2827 moerore
1176 2754 1247 2824 in
1298 2755 1793 2846 delirationem,
1867 2780 1952 2828 ex
2008 2756 2396 2831 deliratioue
2457 2756 2532 2829 in
2578 2756 2902 2828 insaniam

668 2859 804 2930 sint
855 2855 1178 2953 prolapsi.
1278 2853 1360 2927 In
1412 2864 1598 2928 tanta
1647 2857 1993 2953 religionis
2033 2858 2525 2954 perturbatione
2567 2857 2904 2954 trepidant

667 2968 737 3033 et
806 2959 918 3054 qni
982 2957 1181 3028 rebus
1246 2957 1454 3029 saeris
1503 2959 1825 3054 praefecti
1891 2967 2043 3031 sunt
2107 2968 2175 3032 et
2223 2984 2442 3032 rerum
2490 2959 2903 3057 publicarum

666 3060 1157 3150 moderatoreS,
1225 3059 1550 3155 quomodo
1603 3060 1926 3133 labantem
1980 3085 2198 3133 veram
2250 3062 2561 3159 pietatem
2610 3060 2904 3151 firment,

668 3171 777 3254 et,
843 3162 957 3232 ubi
1009 3161 1340 3232 exstincta
1390 3170 1533 3253 est,
1598 3163 1668 3234 in
1735 3163 1932 3235 vitam
1983 3165 2375 3236 restituant:
2457 3184 2784 3259 quumque
2833 3162 2905 3233 in

669 3289 751 3336 eo
804 3263 1258 3353 consentiant,
1328 3269 1402 3334 ut
1464 3263 1764 3337 homines
1829 3265 2050 3338 statim
2116 3289 2156 3336 a
2206 3274 2434 3338 tenera
2481 3265 2771 3361 pueritia
2819 3260 2905 3336 ad
3002 3344 3020 3367 ὁ

668 3367 980 3464 pietatem
1044 3372 1117 3436 et
1180 3364 1572 3459 religionem
1636 3366 1895 3439 institui
1964 3367 2206 3458 velint,
2278 3374 2496 3440 tamen
2550 3366 2783 3463 quibus
2834 3363 2906 3437 id

668 3468 869 3543 rebus
936 3465 1204 3537 efficere
1256 3467 1561 3558 student,
1635 3491 1753 3539 eae
1812 3467 2163 3541 verendum
2211 3490 2614 3566 magnopere
2666 3475 2775 3540 est
2819 3479 2905 3539 ne

673 3594 856 3665 spem
925 3579 1162 3638 eventu
1229 3566 1614 3640 destituant.
1747 3568 1919 3642 Nam
1984 3593 2182 3665 quum
2246 3570 2666 3643 vehementer
2727 3569 2908 3643 inter

675 3695 749 3743 se
802 3669 1165 3740 dissideant
1214 3664 1324 3760 ii,
1390 3671 1624 3766 quibus
1691 3671 1819 3743 boc
1868 3673 2203 3769 negotium
2253 3671 2637 3762 mandatur,
2710 3669 2949 3743 alteri·

676 3771 760 3843 ab
826 3771 1084 3843 ratione
1149 3770 1542 3866 religionem
1607 3779 1984 3870 repetentes
2050 3797 2195 3846 eum
2263 3797 2470 3870 eaque
2530 3771 2904 3847 consentire

678 3872 992 3945 docentes
1045 3880 1400 3969 praecepta
1450 3897 1785 3947 sacrorum
1837 3874 2194 3966 librorum,
2253 3872 2447 3949 alteri
2468 3886 2476 3898 ’
2501 3872 2908 3970 adspernan-

676 3983 782 4046 tes
834 3973 1153 4044 rationem
1207 3983 1277 4045 et
1327 3982 1621 4070 ereptam
1671 3976 2041 4051 bominibus
2092 3977 2399 4049 virtutem
2450 3975 2578 4048 deo
2611 3976 2909 4048 tribuen-

680 4085 825 4149 tesz
891 4081 1208 4171 utrosque
1258 4097 1298 4146 a
1347 4078 1692 4172 proposito
1744 4079 2053 4151 aberrare
2100 4102 2374 4152 necesse
2423 4085 2565 4169 est,
2630 4072 2906 4167 alteros,

684 4176 862 4274 qnod
939 4175 1121 4272 pium
1187 4200 1334 4251 esse
1399 4202 1533 4251 non
1599 4189 1703 4251 est
1769 4179 2147 4278 intelligere
2211 4180 2368 4277 quid
2432 4179 2754 4276 agendum
2820 4179 2910 4250 sit

685 4277 936 4353 homini
984 4276 1222 4374 probo,
1275 4279 1391 4350 sed
1427 4281 1796 4355 sanctitatis
1837 4282 2208 4357 reverentia
2257 4282 2340 4353 ad
2372 4280 2694 4376 agendum
2727 4303 2913 4352 com-

605 4472 617 4479 „
690 4379 976 4466 moveri3
1044 4379 1333 4472 alteros,
1382 4382 1561 4480 quod
1611 4383 1807 4455 etiam
1858 4383 2164 4481 impietas
2214 4391 2357 4475 est,
2406 4383 2515 4455 'ita
2563 4381 2780 4455 factos
2828 4380 2943 4453 ab*
