3192 4992
634 375 756 440 152
1186 374 1774 435 EMENDATIONES
1815 373 2287 434 PINDARICAE.

630 544 827 616 bebat
877 541 1136 634 virgula
1185 548 1340 637 post
1392 537 1619 635 ἀρετὰ
1670 539 2101 634 distinguere,
2152 548 2228 610 ut
2278 536 2604 612 sententia
2643 545 2873 630 esset,

632 640 919 745 μεγάλα
970 641 1043 717 δ’
1106 641 1377 741 (ἐστὶν)
1431 636 1686 737 ἀρετά,
1736 642 2144 737 ρανθεῖσαε
2193 666 2498 739 magna
2546 651 2663 713 est
2697 642 2848 712 vir-

630 758 783 836 ma,
832 743 1167 819 laudata
1217 740 1716 817 earmmibm.
1818 741 1963 816 Sed
2010 743 2221 813 maior
2268 750 2372 814 est
2420 749 2491 813 et
2539 741 2850 813 audacior

631 849 765 919 ista
813 848 1126 937 mutatio,
1194 870 1389 941 quam
1441 853 1513 917 ut
1559 845 1777 942 possit
1831 867 1982 915 vera
2032 843 2268 915 videri.
2382 842 2539 939 Ego
2591 842 2850 939 quidem

629 949 700 1019 in
752 951 1019 1045 vulgata
1084 949 1411 1044 scriptura
1468 971 1659 1017 unam
1712 953 1964 1017 tantum
2010 945 2299 1017 litteram
2348 945 2653 1016 vitiosam
2701 967 2847 1015 esse

629 1058 834 1168 puto?
869 1055 1046 1121 'nam
1097 1075 1283 1136 που,
1354 1073 1484 1120 non
1538 1074 1663 1120 ποι
1713 1048 2028 1143 scriptum
2081 1046 2449 1142 oportebat.
2551 1044 2662 1116 De
2708 1070 2850 1116 me-

535 1144 744 1223 22tr0
805 1152 934 1222 iam
986 1175 1118 1221 nou
1169 1174 1316 1220 esse
1369 1151 1655 1224 arbitror
1721 1149 1891 1244 quod
1943 1155 2329 1219 metuamus.
2449 1146 2697 1218 Mirum
2747 1153 2850 1218 est

635 1253 847 1342 enim,
923 1251 1095 1348 quod
1148 1252 1444 1322 omnibus
1508 1252 1580 1321 in
1646 1250 1936 1347 strophis
1987 1249 2098 1320 bic
2148 1273 2374 1321 versus
2426 1272 2466 1319 a
2514 1273 2677 1321 voce
2727 1248 2852 1320 tri-
2946 1248 2947 1252 ’

634 1354 885 1449 syllaba
915 1353 1175 1448 incipit,
1226 1362 1683 1449 praeterquam
1716 1375 1846 1423 nno
1883 1352 1952 1422 in
1981 1351 2311 1422 Boeckbii
2341 1350 2629 1423 editione
2658 1350 2851 1437 loco;

557 1493 564 1504 ,
633 1456 867 1526 mirum
919 1479 1075 1526 vero
1128 1454 1324 1526 etiam
1376 1455 1580 1545 aliud,
1636 1453 1716 1524 de
1769 1478 1896 1548 quo
1948 1453 2173 1525 statim
2222 1452 2459 1545 dicam,
2509 1452 2690 1522 ubi
2667 1476 2852 1550 ipsos

637 1580 863 1629 versus
913 1579 1241 1654 posuero:

838 1735 909 1780 α.
983 1710 1252 1787 αἰῶνος
1306 1703 1320 1801 Ι
1379 1702 1622 1800 ἆκρᾶν
1669 1700 2086 1801 βαθμίδων
2137 1704 2305 1778 ἄπο.

988 1804 1384 1903 ὀφθαλμὸς
1442 1804 1483 1931 Ι
1513 1803 1982 1879 αἰδοίοτατον
2030 1804 2269 1931 γέρας.

836 1909 915 2006 β.
989 1909 1305 2034 ἄμειψεν
1362 1908 1375 2002 Ι
1434 1906 1533 1981 ἂν
1579 1901 2010 1980 κοιλόπεδον
2058 1903 2319 1989 νάπος.

988 2004 1334 2106 μναμήιῗ·
1395 2008 1406 2110 Ι
1466 2011 1548 2082 ἐν
1596 2003 2146 2098 τεσσαράκοντα
2193 2003 2365 2110 γάρ.

837 2138 909 2211 γ.
978 2107 1375 2214 μαντήϊον·
1438 2116 1545 2206 τῷ
1595 2106 2132 2203 Λακεδαίμονι.

990 2207 1304 2308 Καρνήϊ’
1358 2209 1370 2305 Ι
1428 2213 1512 2286 ἐν
1560 2208 1763 2285 ὃαιτι
1813 2209 2223 2306 σεβίζομεν.

842 2310 917 2386 δ.
990 2315 1403 2408 ῥανθεῖσαν
1461 2311 1472 2415 Ι
1531 2307 1813 2440 κώμων
1860 2312 1946 2384 θ’
2006 2306 2535 2438 ὑποχεύμασιν.
2625 2401 2631 2407 ,

992 2411 1344 2540 γλῶσσάν
1392 2442 1503 2488 τε·
1567 2414 1578 2517 Ι
1636 2409 1929 2512 θάρσος
1976 2442 2052 2487 τε
2103 2409 2572 2512 τανύπτερος.

644 2565 821 2657 Quid
872 2567 1047 2637 enim
1096 2568 1225 2639 hoc
1274 2575 1417 2658 est,
1472 2566 1660 2692 quod
1699 2567 1925 2663 epicae
1973 2566 2142 2639 istae
2195 2565 2481 2656 formae,
2539 2587 2578 2635 a
2630 2564 2862 2683 quibus

644 2666 960 2738 abstinuit
992 2666 1348 2758 Pindarus,
1400 2661 1767 2760 μναμήϊα,
1817 2662 2206 2761 μαντήϊον,
2255 2661 2620 2761 Καρνήὶα,
2672 2668 2769 2739 ita
2796 2668 2865 2738 in

643 2767 775 2837 hoc
823 2767 1109 2837 carmine
1162 2769 1596 2863 constipatae,
1652 2775 1720 2840 et
1769 2765 2027 2862 quidem
2063 2793 2288 2839 omnes
2319 2769 2386 2838 in
2420 2768 2649 2840 eodem
2688 2776 2867 2843 stro·-

577 2843 920 2968 pharum
969 2868 1120 2939 loco
1171 2868 1427 2993 positae
1477 2861 1951 2939 inveniuntur?
2050 2869 2148 2941 Et
2199 2894 2262 2938 v.
2313 2869 2439 2943 49.
2471 2871 2664 2968 (64.)
2718 2871 2867 2966 qui-

647 2969 795 3042 dem
845 2968 998 3039 libri
1048 2964 1428 3062 μναμῆϊον
1477 2977 1547 3041 et
1585 2964 1958 3063 μναμήϊαε
2015 2970 2188 3065 quod
2214 2971 2514 3066 profecto
2547 2996 2679 3043 non
2714 2979 2869 3068 pot-

649 3081 754 3142 est
802 3069 1058 3143 Dorico
1106 3071 1238 3142 isto
1292 3076 1587 3164 σαμῇον
1632 3069 2038 3168 Pythagorei
2090 3073 2426 3144 cuiusdam
2474 3096 2514 3142 a
2561 3072 2870 3145 Maittai-

513 3171 518 3188 '
648 3172 753 3243 rio
804 3173 1144 3244 memorati
1197 3172 1484 3243 defendi.
1586 3170 1849 3244 Deinde
1899 3198 1973 3245 v.-
2016 3176 2142 3250 69.
2198 3176 2392 3272 (92.)
2456 3174 2613 3246 libri
2673 3199 2870 3268 μαν-

648 3268 891 3368 τήϊον·
960 3280 1069 3370 τῷ
1119 3301 1245 3347 και
1293 3270 1835 3366 Λακεδαίμονι.
1948 3275 2257 3372 Denique
2322 3295 2387 3346 v.
2439 3278 2565 3349 80.
2614 3277 2866 3374 ’(106.)

648 3377 720 3446 in
771 3375 957 3446 libris
1010 3384 1112 3447 est
1160 3379 1508 3471 Καρνεῖα.
1613 3375 1790 3467 Quid
1842 3379 2055 3450 verbis
2109 3371 2330 3473 opus?
2421 3374 2608 3449 Satis
2661 3401 2872 3474 appa-

652 3500 800 3548 rere
833 3477 1141 3569 arbitror,
1192 3479 1530 3569 metricos,
1577 3478 1749 3573 qnod
1786 3480 2178 3550 musicorum
2211 3503 2622 3551 numerorum
2651 3478 2872 3575 ignari

654 3585 915 3669 essent,
985 3586 1332 3675 utcumque
1398 3580 1780 3652 satisfacere
1831 3588 2038 3651 metro
2090 3582 2407 3652 voluisse.
2509 3579 2872 3653 Evanescit

575 3728 578 3734 -
659 3679 867 3750 omnis
919 3680 1299 3771 difficultas,
1353 3683 1410 3753 si
1463 3681 1804 3753 incisionis
1857 3683 2227 3754 constantia
2276 3681 2508 3754 moniti
2547 3682 2701 3755 illas
2731 3691 2870 3754 tres

657 3780 941 3874 syllabas
971 3782 1320 3874 credimus,
1374 3782 1680 3854 similiter
1709 3791 1783 3853 ut
1813 3785 2189 3855 trochaeum
2225 3792 2610 3874 semantum,
2663 3785 2870 3856 multo

658 3880 949 3953 tardiore
1014 3883 1211 3955 ductu
1278 3892 1570 3956 cantatas
1636 3885 2033 3979 singularem
2086 3909 2349 3956 versum
2413 3885 2643 3957 fuisse.
2749 3884 2873 3958 Sic
2928 3905 2931 3912 ·

659 3990 729 4054 et
776 3988 1143 4077 μναμεῖον
1209 3994 1276 4056 et
1339 3989 1693 4075 μαντεῖον
1758 3994 1825 4058 et
1872 3991 2238 4082 Καρνεῖα,
2317 3989 2530 4059 iustae
2593 3987 2870 4077 formae,

517 4161 524 4168 ,
657 4085 1086 4157 restituentur
1133 4086 1466 4177 Pindaro,
1533 4087 1852 4183 simulque
1903 4090 2195 4185 patebit,
2249 4090 2550 4185 quoniam
2602 4090 2702 4163 sic
2752 4114 2875 4161 an-

659 4211 817 4284 ceps
869 4196 973 4260 est
1019 4188 1273 4280 ultima,
1324 4196 1507 4259 reete
1559 4189 1796 4261 scribit

1259 4293 1587 4384 μναμεῖα
1603 4317 1627 4338 ·

1261 4394 1344 4467 ἐν
1390 4385 1938 4491 τεσσαράκοντα
1983 4388 2153 4493 γάρ.
2192 4399 2207 4406 “
