3192 4992
831 354 1111 416 ORATIO
1149 354 1233 416 IN
1272 353 1527 415 sAcms
1567 354 2100 419 SEGULARIBUS.
2456 352 2592 422 415

361 548 511 597 nien
561 547 706 614 eos,
758 520 873 619 qui
919 545 1070 595 emn
1119 520 1283 594 olim
1330 528 1627 594 actorum
1667 519 2129 595 recordatione
2164 523 2360 596 etiam
2388 548 2591 623 prae·

363 626 645 699 sentium
692 631 763 697 et
810 620 1177 695 futurorum
1228 630 1601 720 respectum
1637 623 2071 720 coniungunt,
2121 624 2192 701 in
2227 627 2588 701 communis

360 727 655 800 lactitiae
705 724 1152 797 exsultatione
1200 725 1503 797 severior
1546 724 1867 821 quaedam
1923 748 2051 798 nec
2103 748 2306 799 vacua
2355 750 2397 798 a
2448 730 2593 801 sol·-

360 827 705 902 licitudine
755 827 1073 923 cogitatio
1123 826 1393 898 incedat
1437 851 1711 901 necesse
1763 837 1891 918 est,
1946 850 2141 924 quum
2191 836 2501 924 reputant
2549 852 2590 901 a

363 930 492 1026 quo
557 929 752 1000 initio
815 927 1135 1025 profectis
1202 951 1331 1024 quo
1382 928 1796 1024 pervenerit,
1876 952 2136 1026 quoque
2188 930 2413 1004 tendat
2462 931 2592 1003 hoe

362 1055 495 1127 quo
545 1031 822 1102 vivimus
872 1030 1192 1103 seculum.
1292 1028 1426 1101 Est
1475 1031 1648 1102 enim
1698 1029 1959 1126 quidam
2010 1031 2081 1103 in
2130 1031 2348 1103 rebus
2379 1032 2595 1125 omni·-

361 1133 485 1204 bus
537 1132 743 1222 orbis,
797 1137 895 1227 ut,
946 1131 1076 1203 etsi
1123 1131 1195 1202 in
1244 1131 1618 1203 universum
1669 1133 1750 1203 ad
1801 1131 2276 1228 perfectionem
2318 1142 2591 1211 natm-ao

363 1258 523 1306 suae
572 1232 999 1330 progreditur
1048 1256 1257 1327 genus
1308 1232 1681 1325 humanum,
1735 1241 1950 1305 tamen
1999 1234 2068 1305 id
2118 1259 2251 1306 nou
2301 1234 2420 1306 fiat
2463 1235 2593 1306 uisi

363 1358 489 1432 per
537 1335 959 1430 gravissimas
1010 1334 1500 1406 vicissitudines
1546 1333 1687 1406 veri
1717 1341 1785 1408 et
1827 1335 2005 1426 falsi,
2057 1337 2228 1408 recti
2266 1345 2335 1410 et
2376 1336 2591 1434 pravi,

367 1437 789 1509 humanitatis
840 1444 910 1507 et
958 1435 1270 1527 feritatis,
1324 1436 1714 1509 eruditionis
1764 1445 1833 1510 et
1884 1437 2233 1528 barbariei,
2287 1439 2474 1534 pacis
2524 1446 2594 1510 et
2639 1446 2643 1450 *

366 1539 554 1630 belli,
607 1534 948 1609 felicitatis
1000 1545 1068 1608 et
1118 1537 1447 1609 miseriae.
1517 1536 1925 1611 Interierunt
1972 1540 2431 1635 potentissima
2480 1564 2595 1611 re-
2652 1536 2658 1542 ’

368 1664 525 1736 gua,
576 1647 889 1736 tenetque
936 1639 1215 1711 vastitas
1266 1647 1335 1712 et
1384 1639 1676 1712 solitudo
1728 1641 2023 1712 desertas
2060 1641 2600 1738 opulentissima-

367 1766 515 1813 rum
566 1738 820 1812 urbium
869 1740 1131 1830 ruinas3
1200 1740 1509 1836 dispalati
1559 1750 1713 1814 sunt
1765 1741 2096 1837 deletique
2144 1738 2597 1815 florentissimi
2722 1768 2734 1789 ι

371 1844 557 1915 cultu
607 1850 677 1914 et
725 1843 979 1916 artibus
1023 1841 1281 1938 populi,
1304 1866 1609 1937 xquorum
1664 1867 1797 1915 nec
1828 1844 2090 1915 uomina
2125 1853 2478 1941 supersunt
2528 1850 2599 1914 ct

369 1968 455 2016 ne
505 1945 818 2015 memoria
871 1942 1130 2038 quidem
1180 1952 1477 2023 exstaret
1526 1945 1689 2036 ulla,
1764 1945 1892 2016 nisi
1942 1945 2251 2041 sepulcra
2301 1953 2600 2017 mortuo·-

368 2068 541 2135 rum,
593 2044 1036 2116 aedificiorum
1086 2043 1351 2135 rudera,
1405 2047 2075 2142 munimentorumque
2126 2070 2404 2142 maguae
2452 2072 2599 2122 ruo-.-

232 2150 237 2153 ’
367 2147 473 2218 les
535 2154 758 2216 essent
818 2146 1167 2233 inventae3
1233 2140 1428 2217 natae
1494 2154 1651 2218 suut
1714 2156 1782 2219 et
1846 2159 2142 2218 mortuae
2206 2148 2594 2244 religionen,

321 2295 337 2309 -
370 2268 669 2343 quaeque
733 2245 1149 2327 sanctissima
1211 2246 1368 2319 olim
1434 2245 1737 2337 fuerant,
1822 2248 2143 2320 vilescere
2208 2255 2597 2344 coeperunt,
2652 2324 2656 2332 ,

372 2348 801 2442 excrevitque
853 2346 934 2418 de
983 2370 1201 2443 parvo.
1242 2347 1489 2418 semine
1538 2348 1820 2420 infestus
1870 2349 2083 2420 errori
2134 2348 2336 2421 ‘alius-
2370 2372 2597 2436 error-3

372 2450 524 2547 ipsa
573 2449 782 2520 virtus
832 2457 964 2519 tam
1015 2448 1231 2519 varias
1281 2449 1562 2545 sumpsit
1597 2448 1871 2538 formas,
1924 2458 1999 2522 ut
2024 2450 2249 2521 vitium
2277 2451 2346 2521 iu
2375 2450 2598 2537 lande,

373 2550 688 2623 honestas
756 2548 828 2620 iu
893 2550 1249 2645 opprobrio
1314 2559 1792 2623 numeraretur.
1909 2549 2198 2623 Omnino
2262 2551 2652 2624 aeteruum4
2747 2539 2756 2547 ⁸

375 2652 546 2725 nihil
596 2663 701 2723 est
750 2661 1017 2746 praeter
1064 2651 1521 2724 necessitatem
1572 2652 1757 2724 illam
1810 2674 1940 2749 qua
1965 2652 2267 2725 ‹muudus
2316 2653 2599 2747 regitur,

378 2754 521 2825 sive
570 2775 716 2824 eam
764 2752 894 2824 hoc
952 2752 1102 2848 ipso
1154 2752 1571 2825 necessitatis
1601 2754 1924 2844 nomine,
1991 2777 2110 2825 seu
2160 2754 2604 2827 venerabundi

335 2854 573 2951 'deum
637 2855 1080 2951 appellamus·
1154 2854 1340 2927 cuius
1413 2853 1675 2972 quidam
1741 2855 1934 2927 modo
2000 2852 2347 2928 obscurior
2408 2855 2603 2928 modo

378 2955 779 3052 explicatior
829 2979 1061 3027 sensus
1110 2956 1499 3049 religionem
1560 2956 1633 3026 in
1683 2956 1917 3028 animis
1967 2955 2297 3028 hominum
2348 2958 2605 3053 genuit,

378 3080 580 3153 quum
628 3065 699 3127 et
746 3056 1096 3127 inanimam
1144 3066 1441 3128 naturam
1506 3080 1696 3128 suum
1747 3064 2129 3129 constanter
2176 3080 2436 3130 cursum
2499 3067 2611 3129 te-

381 3182 569 3249 nere,
616 3166 690 3229 et
738 3157 1062 3229 mentibus
1111 3157 1442 3229 homiuum
1489 3158 1743 3276 legem
1759 3154 2041 3252 agendi,
2113 3181 2304 3255 quam
2355 3159 2606 3232 violare

382 3260 575 3332 nefas
623 3268 827 3350 esset,
875 3258 1260 3356 inscriptam
1312 3282 1460 3331 esse
1511 3258 1860 3331 sentirent.
1959 3258 2112 3331 Non
2155 3271 2259 3331 est
2297 3261 2496 3350 enim,
2547 3260 2609 3331 si
2745 3299 2756 3304 <

246 3412 258 3429 ,
380 3368 568 3434 recte
621 3362 1069 3452 aestimamus,
1120 3360 1251 3431 nisi
1300 3384 1428 3433 una
1475 3360 1770 3432 universi
1817 3361 2083 3458 generis
2132 3361 2396 3432 humaui
2445 3361 2610 3433 reli-

389 3464 533 3559 gio,
584 3486 710 3558 qua
759 3463 889 3534 vim
938 3463 1123 3534 illam
1171 3486 1388 3534 rerum
1436 3462 1720 3535 onmium
1754 3461 2255 3535 moderatricem
2305 3470 2374 3534 et
2413 3484 2614 3534 reve-

388 3573 620 3636 rentur
667 3572 737 3636 et
785 3572 1116 3645 metuunt.
1170 3587 1396 3636 verum
1444 3571 1515 3636 et
1562 3572 1797 3660 gentes
1835 3588 1960 3661 pro
2004 3588 2125 3636 suo
2164 3586 2458 3659 quaeque
2493 3586 2613 3636 ca-

229 3632 239 3643 .
380 3673 512 3762 ‘pt-u
560 3673 630 3738 et
677 3667 904 3738 secula
963 3689 1086 3762 pm
1148 3666 1423 3763 ingenio
1478 3690 1599 3739 suo
1653 3665 1821 3738 alias
1870 3673 2067 3762 atque
2117 3664 2282 3737 alias
2334 3665 2463 3737 sibi
2509 3665 2616 3755 fef

392 3774 626 3840 cerunt
690 3767 772 3839 de
836 3767 1032 3838 rebus
1082 3767 1335 3839 divinis·
1372 3767 1755 3865 opiniones,
1825 3775 1943 3859 ut,
2016 3790 2211 3863 quum
2262 3790 2490 3839 onmes
2538 3791 2613 3839 se

296 3907 310 3921 ι
393 3890 555 3942 vcra
603 3876 673 3940 et
719 3876 911 3940 recta
953 3869 1142 3964 sequi
1190 3877 1537 3965 putarent,
1616 3869 1866 3964 singuli
1928 3869 1999 3941 in
2050 3867 2497 3957 diversissima
2543 3877 2615 3941 et
2669 3868 2690 3872 ’

392 3993 596 4067 saepe
644 3971 716 4041 in
766 3971 1096 4042 contraria
1143 3969 1581 4043 discederent.
1697 3968 1967 4042 Etenim
2032 3969 2144 4066 qui
2206 3970 2381 4066 apud
2447 3970 2614 4041 alias

399 4082 633 4167 gentes
698 4072 819 4142 alii
878 4071 1277 4149 exstiterunt
1346 4073 1593 4147 maiore
1655 4071 1934 4168 quadam
1997 4080 2200 4167 atque
2239 4071 2617 4143 excelsiore

394 4171 622 4244 indole
672 4173 956 4269 praediti
1006 4173 1170 4265 viri,
1221 4197 1418 4269 quum
1470 4172 1781 4246 divinitus
1828 4171 2017 4245 missi
2067 4195 2216 4244 esse
2267 4171 2621 4244 crederen-

401 4283 550 4364 tar,
612 4275 749 4345 alia
793 4275 900 4366 illi
948 4285 1146 4372 atque
1212 4274 1347 4346 alia
1394 4274 1477 4346 de
1525 4282 1763 4347 natura
1811 4274 2123 4370 cultuque
2171 4272 2445 4345 deorum
2495 4271 2622 4345 do-

320 4442 324 4457 ,
402 4383 718 4467 cuer-nt,
786 4400 993 4474 usque
1042 4378 1199 4452 dum
1233 4378 1364 4451 ille
1414 4383 1520 4450 est
1567 4385 1883 4470 exortus,
1953 4375 2067 4472 qui
2113 4396 2285 4448 nnus
2334 4374 2618 4447 omnium
