3192 4992
978 393 1090 454 ne
1130 390 1433 452 GRAECA
1473 389 1838 452 MmERVA.
2373 388 2539 470 <277
2630 469 2646 476 ,

304 579 504 652 quam
552 554 855 632 inimicos
898 555 1172 632 habere.
1271 554 1509 651 Itaque
1537 553 1874 647 Minerva,
1924 578 2092 651 qnae
2140 580 2276 628 non
2325 583 2531 654 gene-

302 665 459 730 rata
505 656 592 726 ab‘
628 657 773 729 illis
823 659 1021 732 tertia
1083 660 1272 734 iuxta
1320 679 1439 731 eos
1489 679 1727 752 magna
1778 656 1902 730 dea
1952 656 2282 749 adstaret,
2356 660 2531 734 dicta

296 766 413 830 est
459 756 944 858 Τριτογένεια.
1017 760 1239 834 'Hanc
1289 759 1462 832 enim
1513 758 1848 854 propriam
1897 758 2182 833 nominis
2231 768 2531 855 potesta-

298 866 436 930 tem
502 883 650 930 esse
713 861 860 955 ipsa
924 862 1133 938 forma
1166 860 1488 934 'vocabuli
1541 860 1855 936 ostendit.
1957 857 2099 931 Sed
2153 862 2528 936 oblitterata

293 959 496 1031 huius
560 961 662 1032 rei
727 964 1039 1038 memoria
1102 965 1477 1054 inventum,
1556 970 1631 1032 ut
1695 985 1735 1031 a
1801 960 2086 1038 Tritone
2150 962 2351 1035 fluvio
2417 964 2528 1036 vel
2603 1024 2654 1064 ·.

291 1060 485 1134 fonte
539 1062 642 1133 vel
680 1063 856 1155 lacu,
911 1063 993 1135 ad
1037 1090 1226 1162 quem
1261 1076 1420 1144 nata
1463 1070 1667 1153 esset,
1720 1049 1955 1134 n'omen
1993 1063 2331 1160 accepisse
2376 1090 2528 1140 cre-

284 1161 605 1240 deretur:
671 1187 818 1238 nam
870 1167 1039 1240 alias
1089 1166 1375 1264 ineptias
1416 1172 1794 1262 praetereo,
1844 1189 1975 1238 non
2013 1174 2273 1260 spretas
2303 1173 2525 1244 tamen

221 1332 224 1335 ,
288 1288 335 1340 a
370 1264 769 1361 Boettigero
794 1268 890 1340 ,in'
941 1269 1231 1342 secundo
1281 1266 1610 1342 volumine
1643 1262 2196 1340 Observationum
2248 1267 2329 1340 de
2379 1293 2524 1366 my·-

287 1364 601 1464 thologia
664 1366 991 1443 artificum
1054 1395 1127 1466 p.
1178 1370 1306 1446 75.
1419 1366 1588 1440 Inde
1655 1391 1847 1464 quam
1912 1368 2338 1442 vetustissimi
2387 1394 2522 1466 nou

280 1467 496 1540 aliter
547 1493 735 1563 quam
772 1470 1277 1571 Τριτογένειαν
1326 1476 1672 1561 vocarunt,
1714 1463 1805 1542 vab
1856 1470 2335 1567 recentioribus
2386 1470 2520 1544 dici

285 1578 538 1669 coepta
584 1578 689 1672 est
723 1570 1079 1665 Τριτωνὶς
1127 1582 1197 1648 et
1231 1566 1658 1667 Τριτωνιάς.
1762 1567 1905 1642 Sed
1949 1570 2218 1644 deorum
2251 1572 2519 1646 numina

288 1671 620 1761 omnium,
695 1672 868 1766 quod
934 1675 1214 1746 omnium
1282 1674 1509 1745 eadem
1575 1672 1934 1745 eommunis
1998 1671 2221 1748 divina
2281 1682 2520 1748 natura

288 1780 441 1864 est,
515 1784 800 1869 cognata
863 1774 1037 1848 inter
1087 1801 1159 1847 se
1212 1800 1360 1847 esse
1411 1798 1683 1846 necesse
1734 1781 1862 1846 est.
1962 1770 2200 1871 Itaque
2249 1783 2518 1871 reperta

288 1874 645 1969 cognatio,
700 1899 829 1972 qua
878 1883 947 1947 et
995 1874 1432 1980 Pelasgorum
1484 1874 1611 1947 diis
1665 1883 1732 1947 et
1781 1873 2130 1949 Minervae
2182 1892 2360 1947 suus·
2389 1877 2517 1948 ho-

136 2017 149 2022 »
285 1999 415 2046 nos
489 1984 847 2066 constaret.
961 1969 1169 2051 Dicta
1231 1986 1336 2052 est
1383 1975 1568 2049 Iovis
1635 1975 1776 2050 filia
1841 2000 2028 2067 esse,
2107 2000 2330 2048 verum
2381 2001 2515 2050 non

281 2084 635 2171 procreata
685 2099 771 2150 ex
821 2087 1029 2152 matre
1078 2081 1323 2177 aliqua,
1376 2077 1518 2169 sed,
1573 2077 1785 2175 qualis
1836 2078 2086 2169 fuerat,
2140 2078 2363 2166 adulta
2410 2086 2517 2150 at'-

283 2199 413 2273 que
468 2173 712 2249 armata
761 2204 847 2250 ex
900 2181 1114 2276 capite
1165 2181 1558 2278 prosiluisse
1596 2175 1810 2251 Iovis·
1909 2176 2206 2249 Primum
2245 2180 2375 2250 hoc
2409 2179 2517 2250 di-

279 2278 470 2354 xisse
514 2277 997 2358 Stesichorum·
1023 2283 1115 2354 ait
1152 2282 1555 2369 scholiastes
1587 2278 1938 2377 Apollonii
1986 2279 2068 2350 ad
2095 2276 2233 2351 IV.
2290 2282 2513 2356 1310.

278 2403 524 2462 vereor
571 2405 657 2454 ne
705 2406 839 2454 non
889 2390 1097 2454 recte.
1195 2382 1667 2455 Recentiorum
1718 2380 1941 2452 fabula
1973 2387 2076 2451 est
2120 2375 2327 2453 mater
2353 2380 2515 2470 Me-

278 2481 399 2574 tis,
454 2479 838 2556 Iovisalvo
872 2491 1182 2579 recepta.
2265 2571 2268 2580 .

383 2663 391 2672 ,
470 2582 713 2675 ‚Multa
759 2591 1016 2658 veteres
1068 2585 1237 2674 mira
1273 2582 1624 2658 memoriae
1675 2580 2065 2678 prodiderez
2132 2580 2340 2678 magis
2385 2582 2515 2656 mi·-

274 2683 521 2760 rahilia
568 2693 798 2762 nostra
845 2685 1009 2760 vidit
1050 2696 1255 2758 aetas.
1354 2681 1785 2781 Exstiterunt
1819 2682 1933 2779 qui
1955 2681 2331 2756 Minervam
2359 2707 2511 2762 sese

275 2785 496 2883 ipsam
552 2786 973 2862 interfecisse.
1031 2794 1399 2862 narrarent.
1470 2784 1733 2896 ,Atrox
1796 2782 2090 2856 facinus=
2164 2782 2509 2860 honestior

274 2895 499 2986 tamen
538 2912 729 2966 Jnors
778 2888 1415 2981 immortalisdeae,
1484 2911 1676 2984 quam
1733 2884 2076 2957 confossae
2128 2892 2508 2958 venatorum

276 2987 560 3085 spiculis
610 2990 678 3060 in
733 2986 1163 3085 Calydonium
1228 3014 1410 3063 suem
1459 2985 1748 3062 mutatae
1795 2984 2084 3060 Dianae.
2201 2983 2508 3060 ,Demon-

274 3098 497 3166 strant
544 3114 685 3164 rem
735 3091 868 3162 ita:
937 3092 1180 3163 occidit
1228 3088 1538 3162 Minerva
1573 3085 1998 3183 Gorgonem:
2051 3081 2235 3181 atqui
2265 3083 2506 3184 Gorgo

276 3190 428 3287 ipsa
483 3201 585 3263 est
618 3191 961 3263 Minerva:
1015 3216 1175 3288 ergo
1203 3190 1512 3266 Minerva
1558 3214 1705 3261 sese
1744 3190 1891 3286 ipsa
1918 3186 2187 3261 occidit.
2288 3185 2506 3262 Recte

276 3293 597 3366 conclusa
647 3294 817 3365 ratio
871 3301 1013 3380 est,
1085 3293 1146 3363 si
1196 3290 1431 3388 Gorgo
1482 3291 1793 3363 Minerva
1842 3297 1969 3362 est.
2066 3289 2323 3362 ,Demus
2372 3289 2505 3361 hoc

274 3391 569 3465 interim.
671 3392 861 3490 Ergo
913 3401 1170 3466 mortua
1221 3401 1325 3466 est
1372 3392 1719 3483 Minerva,
1787 3388 2045 3487 qnando
2094 3413 2227 3461 non
2278 3389 2505 3462 vivunt

277 3495 395 3591 qui
461 3495 668 3568 occisi
732 3504 909 3568 snut.
954 3560 961 3564 .
1029 3494 1309 3567 Minime
1375 3519 1532 3567 vero
1557 3507 1610 3566 ε’
1663 3493 1848 3563 vivit.
1975 3491 2118 3582 Qui
2182 3482 2501 3562 tandem?

275 3593 538 3693 Nempe
588 3595 655 3668 id
698 3604 770 3668 ut
802 3597 1168 3688 efficerent,
1222 3590 1583 3669 diviserunt
1608 3593 1988 3678 Minervam
2018 3593 2090 3664 in
2118 3591 2279 3664 duas
2311 3591 2598 3686 deas,l7

277 3695 557 3769 infestas
609 3696 760 3789 sibi,
834 3722 1102 3795 quarum
1152 3699 1363 3770 altera
1413 3698 1687 3770 alteram
1738 3693 2080 3775 occiderit,
2194 3689 2318 3765 Sic
2365 3718 2497 3766 una

278 3807 618 3897 superstes
669 3791 957 3872 mansit.'
1032 3799 1286 3893 Quibus
1338 3823 1494 3871 vero
1545 3795 1944 3894 argumentis
1971 3795 2263 3885 vineunt,
2314 3817 2497 3867 eam-

152 3955 161 3962 *
281 3898 428 3977 dem
480 3925 627 3974 esse
663 3898 1049 3998 Gorgonem
1101 3909 1170 3973 et
1194 3891 1620 3974 Minervam?
1716 3895 2048 3970 Produxit
2095 3903 2302 3968 testes
2337 3897 2493 3969 'eins

280 4002 382 4073 rei
431 4003 740 4076 disertius
792 4027 981 4100 quam
1034 4028 1203 4099 quos
1250 4008 1565 4097 sequutus
1615 4007 1759 4090 est,
1813 3996 1897 4070 G.
1947 3995 2046 4069 Η.
2093 3995 2224 4068 W.
2261 3994 2491 4090 *Voel—

282 4101 520 4177 ckerus
582 4106 651 4176 in
705 4102 1172 4201 Geographiae
1223 4103 1547 4199 mythicae
1593 4101 1731 4173 vol.
1780 4097 1848 4170 Ι.
1910 4124 1980 4196 p.
2030 4098 2155 4174 25.
2233 4096 2489 4171 Eorum

280 4204 527 4301 primus
579 4215 680 4279 est
708 4205 1183 4306 Palaephatus,
1245 4205 1626 4302 praeclarus
1678 4226 1834 4275 sane
1886 4209 2140 4292 auctor,
2193 4200 2487 4271 scribens

283 4328 430 4428 cap.
483 4310 607 4382 32.
658 4313 976 4402 ,καλοῦσι
1038 4305 1122 4382 δὲ
1184 4303 1322 4401 τὴν
1355 4306 1697 4402 Ἀθηνᾶν
1742 4306 2148 4406 Κυρηναῖοι
2197 4294 2487 4400 Γοργώ,
2567 4369 2580 4375 -

284 4403 514 4508 ὥςπερ
558 4404 702 4504 ’τὴν
750 4409 1089 4508 Ἄρτεμιν
1143 4411 1419 4509 Θρᾷκες
1461 4403 1849 4494 Βένδειαν,
1910 4408 2189 4503 Κρῆτες
2236 4396 2318 4477 δὲ
2353 4398 2489 4486 Δι’,-
