3192 4992
948 347 1050 410 ns
1090 344 1583 410 ΗιΡΡοιιιιοιιο
1625 344 2081 411 ommAco.
2493 324 2623 419 w

392 514 627 610 fuisse,
679 518 740 590 si
787 496 1147 591 transversi
1182 476 1711 608 collocarentur,
1761 538 1957 614 quam
2007 524 2169 614 quot
2195 515 2378 590 basis
2410 464 2623 591 taien-

397 624 538 719 guli
589 629 880 717 caperet.
985 619 1179 710 Quod
1228 620 1293 691 si
1340 619 1502 716 quid
1550 626 1657 691 est
1674 669 1700 710 ,
1768 618 1950 715 quod·
1989 619 2062 690 in
2113 617 2458 695 viscontii.
2502 619 2623 692 da-

384 722 756 819 scriptione
806 746 942 795 non
990 727 1174 792 recte
1222 721 1469 793 factum
1521 720 1852 811 dicamus,
1909 728 2013 792 est
2057 719 2130 791 id
2178 720 2250 791 in
2300 743 2382 791 eo
2433 723 2621 817 posi·-

272 876 281 887 .
394 830 555 915 tum,
610 823 784 920 quod
838 831 909 895 et
957 823 1293 895 sinistrum
1345 823 1545 893 latus·
1571 822 1992 918 hippodromi
2043 823 2186 894 sine
2215 840 2456 893 caussa
2497 846 2622 894 an·-

380 926 652 1022 gustius
704 925 941 996 dextro
993 924 1179 1015 fecit,
1233 931 1340 1013 et,
1372 946 1587 1018 quum
1643 924 1828 995 basin
1880 923 2073 995 cunei
2119 930 2316 995 recte
2357 923 2620 1020 quidem
2671 934 2676 941 '

382 1050 618 1124 parem
669 1027 891 1109 dextri
940 1025 1171 1097 lateris
1221 1025 1556 1096 latitudini
1606 1025 1916 1135 fecisset,
1984 1033 2244 1117 tamen,
2295 1046 2500 1121 quum
2548 1026 2620 1097 in

374 1129 585 1202 -cunei
656 1128 780 1199 alis
845 1128 1072 1223 plures
1139 1127 1537 1198 collocasset
1616 1146 1919 1198 carceres
1987 1140 2178 1221 quam
2237 1127 2480 1221 quibus
2547 1126 2620 1198 in

390 1231 535 1301 basi
583 1230 773 1301 locus
824 1237 1029 1320 esset,
1082 1250 1309 1299 omnes
1340 1251 1546 1323 equos
1575 1226 1888 1323 deinceps
1920 1251 1960 1298 e
1984 1228 2380 1301 carceribus
2365 1251 2622 1323 egre&-

374 1356 505 1403 ·sos
556 1330 828 1403 iunctim
891 1329 1259 1402 cucurrisse
1312 1330 1741 1400 existimavit.
1854 1328 2022 1400 Nam
2090 1329 2255 1400 haec
2317 1330 2494 1400 iuter
2539 1352 2618 1403 se

386 1440 712 1529 pugnant.
814 1430 1166 1504 Sumamus
1218 1429 1301 1501 ad
1336 1431 1707 1527 exemplum
1743 1429 1970 1525 Pythii
2007 1431 2195 1501 ill-ius
2237 1431 2412 1525 apud
2449 1429 2620 1502 Pin-

393 1535 621 1607 darum
673 1533 1047 1606 certaminis
1101 1532 1534 1628 quadraginta
1582 1554 1886 1604 carceres
1936 1532 2180 1603 fuisse:
2221 1533 2354 1603 'his
2406 1533 2466 1603 si
2501 1555 2621 1604 ca—

390 1635 651 1755 piendis
715 1659 845 1706 non
913 1633 1283 1706 sufficiebat
1347 1633 1523 1705 basis
1589 1634 1823 1724 cunei,
1898 1631 2223 1730 quomodo
2290 1657 2414 1729 par
2474 1633 2620 1704 basi
2685 1683 2690 1687 -

390 1741 448 1809 is
420 1739 506 1808 sti
554 1736 837 1807 latitudo
886 1736 1118 1807 lateris
1169 1734 1585 1830 hippodromi
1635 1736 1906 1807 iunctim
1948 1744 2288 1806 currentes
2331 1735 2621 1830 qumlra·

392 1840 577 1936 ginta
643 1837 995 1933 quadrigas
1054 1828 1397 1932 cepisset?
1495 1833 1732 1930 Itaque
1798 1861 1920 1932 pro
1983 1837 2118 1908 ista
2180 1836 2440 1932 quidem
2483 1859 2621 1907 ex·-

389 1939 747 2036 plicatione
817 1946 931 2009 aut
1009 1961 1283 2009 cuneum
1350 1936 1512 2008 fecit
1577 1935 1968 2010 Viscontius
2035 1938 2210 2009 iusto
2277 1939 2617 2028 maiorem,

390 2050 504 2111 aut
553 2040 893 2134 angustius
944 2063 1132 2134 quam
1185 2038 1499 2109 debebat
1512 2038 1687 2109 latus
1741 2038 2044 2110 dextrum
2071 2039 2516 2136 hippodromi.
2600 2110 2604 2113 Α
2647 2058 2651 2069 ·

589 2139 731 2212 Sed
783 2140 1274 2212 consideremus
1326 2140 1698 2210 accuratius
1751 2163 1870 2231 ea,
1939 2163 2106 2236 quae
2159 2142 2240 2211 de
2295 2162 2611 2237 equorum

387 2241 737 2315 emissione
789 2242 1048 2313 rettulit
1077 2240 1469 2311 Pausanias.
1571 2238 1657 2310 In
1710 2241 1924 2312 medio
1976 2265 2186 2313 cuneo
2236 2242 2307 2312 in
2347 2264 2462 2311 ara
2509 2242 2618 2312 la-

370 2343 647 2434 ·tericia,
702 2364 869 2438 quae
918 2363 1304 2437 unaquaque
1338 2338 1735 2435 Olympiade
1785 2342 1869 2413 ad
1911 2366 2055 2413 eum
2087 2365 2276 2413 usum
2304 2350 2615 2413 exstrue-

386 2446 605 2533 batur,
660 2466 854 2515 aerea
907 2443 1126 2539 aquila
1177 2443 1301 2513 alis
1351 2442 1674 2513 latissime
1714 2444 2027 2539 expansis
2055 2442 2338 2514 iacebat.
2438 2442 2707 2516 Eamll

387 2547 701 2643 aquilam,
754 2544 926 2641 quod
982 2566 1283 2615 carceres
1334 2543 1576 2615 obiecti
1627 2552 1875 2635 esseut,
1929 2568 2059 2615 nou
2105 2544 2407 2618 videbant
2457 2568 2617 2640 spe·-

387 2656 704 2719 ctatores.
804 2645 978 2717 Item
1006 2645 1096 2716 ‘in
1131 2653 1428 2717 extremo
1474 2652 1693 2717 rostro
1725 2646 2074 2742 delphinus
2113 2646 2183 2715 in
2226 2646 2416 2716 trabe
2445 2652 2617 2717 erat.
2751 2722 2754 2731 ,
2835 2636 2852 2647 ’

345 2747 529 2820 ·Ιιιιιι
580 2748 693 2818 ubi
743 2746 1046 2818 mittendi
1097 2755 1321 2818 essent
1369 2747 1559 2842 equi,
1615 2756 1839 2819 rector
1890 2746 2265 2838 machinae,
2333 2770 2464 2843 qua
2512 2748 2618 2818 vi-

386 2849 624 2922 dentur
672 2850 892 2944 aquila
943 2857 1011 2920 et
1060 2846 1408 2943 delphinus
1460 2849 1755 2945 copulati
1803 2849 2035 2941 fuisse,
2090 2849 2371 2944 aquilam
2405 2849 2475 2927 in
2509 2849 2619 2920 al·-

384 2959 523 3024 tum
576 2950 930 3040 evehebat,
996 2949 1092 3020 ita
1141 2958 1216 3020 ut
1263 2950 1395 3019 iam
1447 2972 1648 3045 supra
1700 2959 2003 3021 carceres
2055 2950 2292 3021 elatam
2346 2950 2617 3068 conspi-

364 3061 615 3125 cerent
665 3059 1114 3148 spectatores.
1190 3050 1383 3120 simul
1449 3061 1666 3121 autem
1740 3050 2088 3146 delphinus
2141 3050 2453 3141 cadebat,
2518 3052 2666 3123 ita-

388 3156 673 3245 scilicet,
726 3160 802 3224 ut
850 3152 1069 3255 capite
1110 3172 1368 3247 pronus
1420 3152 1605 3247 quasi
1662 3153 1872 3246 mergi
1923 3152 2280 3223 videretur.
2382 3150 2467 3222 Id
2517 3152 2617 3222 si·-

387 3254 586 3352 g'num
638 3262 784 3327 erat
832 3251 1169 3325 mittendis
1221 3253 1447 3348 equis,
1513 3252 1869 3324 indicatum
1921 3254 2164 3350 opinor
2211 3260 2404 3329 antea
2455 3274 2616 3348 spe-

372 3358 749 3429 ctatoribus
801 3357 1113 3452 clangore
1161 3354 1398 3445 tubae,
1472 3364 1547 3425 ut
1597 3346 1810 3425 oculis
1875 3362 2265 3450 quaererent
2297 3353 2617 3425 evolatu-

387 3481 529 3529 ram
579 3458 887 3554 aquilam.
988 3456 1321 3528 Aristides
1370 3455 1541 3552 quid
1610 3455 1876 3529 artificii
1937 3456 2022 3527 ad
2077 3452 2394 3528 Cleoetae
2447 3474 2613 3552 opus

264 3630 295 3652 ,
388 3560 769 3650 contulerit,
821 3582 947 3630 nec
996 3557 1167 3630 dixit
1215 3557 1621 3649 Pausanias,
1673 3566 1746 3629 et
1791 3558 1937 3654 ipse
1988 3557 2162 3629 haud
2214 3557 2377 3628 satis
2428 3581 2615 3629 com-

358 3669 646 3758 ·pertum
695 3660 958 3732 videtur
990 3659 1340 3733 babuisse.
1440 3656 1583 3731 Sed
1636 3682 1802 3754 quae
1855 3658 1937 3730 de
1959 3659 2227 3731 ratione
2259 3658 2617 3731 mittendo-
2740 3653 2752 3661 ’

358 3787 532 3834 rum
584 3785 898 3859 equorum
939 3761 1233 3857 scripsit,
1287 3769 1514 3857 aperte
1547 3760 1867 3851 indicant,
1919 3784 2314 3857 progressos
2346 3784 2434 3831 ex
2461 3783 2617 3832 car-

360 3865 649 3937 ·ceribus
714 3887 945 3936 currus
1012 3885 1236 3934 omnes
1302 3870 1453 3933 ante
1519 3870 1805 3934 rostram
1874 3863 2147 3934 iunctim
2196 3884 2328 3932 uno
2381 3861 2613 3934 ordine

389 3989 537 4038 esse
573 3975 990 4062 conspectos.
1054 3962 1156 4035 Id
1195 3988 1324 4036 non
1354 3988 1500 4036 esse
1537 3964 1640 4036 sic
1668 3963 2196 4058 intelligendum,
2248 3971 2325 4034 ut
2356 3963 2614 4058 egressi

388 4089 478 4138 ex
526 4067 899 4140 carceribus
934 4072 1105 4136 ante
1158 4074 1443 4138 rostrum
1494 4089 1720 4137 omnes
1764 4065 2176 4137 substiterint
2199 4066 2398 4162 prius
2412 4086 2614 4185 qm
2701 4065 2724 4070 ”

359 4190 648 4240 ‘cursum
711 4169 1122 4265 inciperent,
1201 4168 1454 4239 monuit
1500 4166 1991 4263 Ratbgeberus.
2107 4167 2262 4240 Hoc
2326 4164 2499 4237 enii'n
2549 4164 2613 4238 si

248 4326 263 4338 ι
368 4267 631 4341 factum
683 4279 899 4361 esset,
964 4294 1136 4341 novo
1203 4270 1395 4366 signo
1460 4268 1541 4340 ad
1611 4291 1948 4341 cursuram
2013 4294 2179 4366 opus
2231 4268 2473 4355 ἠίθεος
2507 4266 2658 4351 ἆυ,

391 4395 520 4468 quo
569 4371 741 4445 nihil
791 4372 1012 4446 dicere
1038 4370 1462 4467 Pausaniam.
1562 4370 1843 4445 Poterat
1876 4371 2137 4470 quidem
2167 4370 2325 4444 tuba
2349 4369 2611 4467 signum
2723 4386 2728 4393 ’
