3192 4992
1398 1389 1457 1451 l)
1481 1387 1536 1450 Ε
1877 1403 1883 1412 ’
2591 1377 2640 1447 3

362 1497 1034 1653 maeoseu
1124 1559 1937 1663 coMoEmAmm
2026 1565 2465 1654 LYch.
2506 1562 2592 1680 ⁴³)

360 1928 823 2061 Tragoediae
858 1964 1269 2040 Graecorum
1321 1966 1828 2065 comoediaeque
1865 1967 2157 2065 origines
2200 1966 2272 2039 in
2310 1966 2609 2041 obscuro.

356 2065 570 2140 latere
620 2068 1047 2163 gravissimus
1112 2076 1347 2140 auctor
1401 2068 1752 2142 affirmavit
1801 2068 2230 2141 Aristoteles.
2333 2067 2591 2141 Verum

356 2174 577 2239 tamen
625 2176 857 2242 nostra
907 2178 1131 2261 aetas,
1195 2178 1275 2241 ut
1324 2170 1548 2241 multis
1614 2171 1680 2242 in
1734 2170 1929 2242 rebus
1982 2170 2203 2242 abdita
2251 2170 2322 2243 iu
2373 2171 2589 2241 lucem

356 2271 758 2366 protrahere,
801 2278 1038 2342 conata
1090 2279 1218 2360 est,
1261 2270 1368 2342 'ita
1419 2260 1615 2342 etiam
1665 2271 1791 2343 hac
1832 2272 1900 2341 in
1931 2272 2314 2366 quaestione
2344 2268 2592 2365 aliquid

357 2370 728 2443 audendum
774 2379 958 2461 rata,
1011 2370 1362 2443 divinando
1412 2372 1815 2467 investigare
1868 2371 2144 2462 studuit,
2197 2394 2363 2466 qnae
2415 2371 2592 2442 anti-

359 2471 712 2568 quissimae
763 2471 1010 2544 fuerint
1057 2472 1334 2543 istorum
1377 2479 1746 2568 poematum
1790 2471 2066 2545 formae.
2165 2473 2272 2545 Ac
2310 2471 2588 2568 primus,

267 2603 279 2619 ·
360 2571 536 2669 quod
589 2572 913 2663 sciamus,
966 2571 1200 2645 doctus
1253 2573 1513 2669 qnidam
1565 2569 1848 2664 Gallus,
1902 2574 2012 2645 cui
2060 2595 2294 2644 nomen
2348 2569 2588 2667 Vatry,

357 2675 432 2746 in
519 2671 1023 2745 Commentariis
1114 2672 1518 2745 Parisiensis
1594 2674 1995 2746 Academiae
2074 2671 2590 2769 Inscriptionum

357 2775 497 2848 vol.
529 2772 702 2849 XV.
753 2774 999 2870 lyricae
1051 2774 1387 2847 cuiusdam
1410 2815 1414 2822 ·
1439 2773 1837 2870 tragoediae·
1874 2774 2383 2870 comoediaeque
2433 2798 2592 2871 spe-

358 2876 528 2950 ciem
577 2883 795 2949 mente
848 2877 1193 2973 concepit,
1276 2875 1450 2972 quod
1522 2884 1591 2947 et
1657 2876 1738 2946 ab
1789 2875 2040 2948 Arione
2091 2875 2586 2970 Methymnaeo,

359 2975 573 3051 Suida
622 2985 833 3068 teste,
897 2972 1168 3072 τρόπος
1215 2974 1563 3076 τραγικὸς
1610 2977 1916 3049 inventus
1966 2987 2183 3068 esset,
2252 2986 2321 3049 et
2370 2977 2587 3073 poetis

360 3077 744 3178 quibusdam
794 3078 1047 3174 lyricis,
1114 3086 1190 3149 ut
1240 3077 1532 3150 Pindaro
1586 3086 1657 3150 et
1707 3076 2061 3168 Simonidi,
2115 3071 2496 3173 tragoediae
2547 3101 2589 3149 a

359 3180 805 3278 grammaticis
851 3178 1406 3270 adscriberentur,
1459 3179 1826 3276 comicique
1859 3169 2113 3274 aliquot
2144 3188 2382 3275 poetae
2417 3180 2591 3251 scri-

359 3283 583 3380 psisse
636 3280 1014 3353 dicerentur
1061 3280 1465 3376 tragoedias.
1568 3278 1710 3353 Sed
1750 3281 1944 3352 huius
1987 3280 2245 3376 quidem
2283 3280 2406 3351 viri
2453 3279 2587 3366 dis-

360 3382 635 3457 sertatio
701 3391 887 3466 tanta
935 3382 1206 3455 levitate
1258 3382 1508 3478 scripta
1559 3390 1700 3468 est,
1765 3391 1840 3454 ut
1902 3395 2167 3478 praeter
2213 3381 2345 3453 ista
2393 3380 2589 3453 testi-

357 3486 581 3559 monia
626 3484 795 3555 nihil
846 3484 1170 3574 attulerit,
1225 3507 1353 3580 quo
1399 3482 1773 3580 opinionem
1810 3506 1993 3555 suam
2026 3481 2377 3555 stabiliret.
2443 3480 2589 3554 Po-

360 3594 504 3661 stea
551 3586 643 3658 A.
695 3585 1077 3659 Boeckhius
1139 3585 1209 3656 in
1261 3582 1673 3657 Oeconomia
1718 3584 2221 3657 Atheniensium
2293 3584 2429 3655 vol.
2476 3581 2584 3657 II.

358 3714 430 3787 p.
460 3691 637 3764 361.
690 3710 878 3784 seqq.
929 3687 1271 3760 renovavit
1318 3684 1501 3758 illius
1545 3686 1963 3760 coniecturae
1986 3686 2405 3776 rmemoriam,
2434 3687 2585 3757 ’tri-

360 3791 481 3863 bus
532 3789 944 3886 potissimum
995 3796 1210 3860 motus
1258 3787 1800 3884 inscriptionibus
1834 3787 2204 3878 Boeoticis,
2259 3809 2425 3882 quae
2478 3795 2584 3859 te-

362 3893 526 3965 stari
590 3890 869 3987 lyricum
918 3913 1126 3987 genus
1191 3889 1571 3986 tragoediae
1624 3889 2129 3985 comoediaeque
2179 3888 2582 3980 viderentur.

359 3992 642 4066 Assensi
703 3999 857 4064 sunt
919 4016 1050 4064 non
1117 3992 1331 4063 solum
1383 3988 1443 4062 F
1446 4015 1505 4062 r.
1559 3990 1701 4062 Th.
1754 3989 2164 4063 Welckerus
2226 3999 2295 4062 et
2345 3988 2429 4062 C.
2485 3986 2579 4061 O.

326 4093 721 4187 Mallem,
774 4092 893 4166 sed
943 4094 1141 4189 etiam
1178 4091 1304 4165 Fr.
1333 4090 1777 4166 Thierschius
1825 4093 1897 4164 in
1942 4090 2444 4166 Introductione
2493 4087 2578 4159 ad
2670 4095 2681 4100 ⁴

531 4399 594 4483 ¹³)
652 4400 811 4460 Edita
849 4409 932 4461 est
970 4420 1021 4460 a.
1066 4395 1251 4462 1880.
2055 4494 2108 4559 0
2130 4492 2174 4560 2
