3192 4992
571 379 746 454 „235
848 455 859 468 .
973 381 1074 442 DE
1114 379 1554 441 TRAGOEDIA
1593 379 2131 446 COMOEDIAQUE
2171 376 2471 441 LYRICA.

618 549 738 623 sed
788 546 869 620 ah
918 546 1323 645 Epicharmo
1389 545 1617 619 eadem
1678 546 1935 619 ratione
1984 545 2179 619 fictae
2229 566 2556 643 personas
2603 541 2848 640 imagi-⁵

617 676 767 724 nem
816 657 1076 748 putare,
1130 674 1259 745 qua
1306 647 1747 746 Pherecrates
1794 648 1867 720 in
1896 645 2187 720 Chirone
2221 646 2554 720 Musicani
2584 645 2654 716 in
2692 668 2849 717 sce-

617 777 800 925 „³¹:¹⁴1
815 750 1614 926 μὲἓίῐιᾳῐὲἓᾶἰῖιωὲἓὲοΐ
1636 750 1945 924 Ιιαέἓιιιιιε
1987 750 2059 870 in
2092 745 2844 923 mifflithymmlffem

616 879 685 925 τ.
800 879 854 925 n
994 879 1026 924 z
1335 879 1428 924 m
1547 878 1576 922 ι
1593 876 1654 923 o
1837 876 2090 924 eorm
2191 875 2244 923 n
2343 873 2496 923 uzu
2526 873 2669 920 arc
2763 871 2844 918 o-

616 956 885 1054 logica
935 977 998 1025 a.
1056 954 1279 1029 1829.
1342 952 1510 1026 fasc.
1558 951 1704 1024 III.
1769 953 1989 1049 ibique
2042 875 2483 1024 ffllckerum
2542 975 2613 1046 p.
2660 950 2840 1024 398.

616 1080 806 1152 seqq.
878 1054 1119 1128 Sciens
1184 1064 1528 1151 praetereo
1594 1056 1676 1127 ah
1739 1053 2042 1126 Echione
2110 1054 2323 1152 pictas
2386 1050 2843 1147 Tragoediam

616 1165 686 1230 et
737 1156 1162 1230 Comoediam
1211 1156 1437 1228 Plinio
1488 1164 1659 1228 teste
1708 1154 2044 1227 XXXV.
2094 1157 2235 1245 36,
2305 1154 2385 1229 9.
2447 1152 2839 1249 easdemque
2870 1227 2885 1233 ἱ

614 1256 697 1331 ah
747 1258 1080 1330 Archelao
1146 1259 1216 1330 in
1279 1257 1651 1355 Apotheosi
1699 1257 1981 1329 Homeri
2030 1277 2411 1353 expressas.
2530 1252 2843 1326 Conferri

351 1379 358 1386 '
469 1447 474 1454 ι
611 1368 952 1458 poterunt,
1005 1384 1172 1459 quae
1221 1359 1633 1432 Welckerus
1685 1361 1909 1432 attulit
1958 1359 2041 1431 ad
2089 1356 2485 1430 Philostrati
2526 1354 2745 1451 Imag.
2772 1351 2839 1426 I.

614 1466 691 1535 2.
740 1485 810 1559 p.
864 1466 1039 1537 212.
1092 1463 1278 1535 cuius
1329 1461 1786 1558 copiosissima
1835 1460 2193 1559 disputatio
2245 1458 2327 1530 de
2357 1455 2593 1547 Como,
2647 1480 2840 1552 quem

613 1588 743 1635 non
797 1589 1033 1637 vereor
1083 1589 1179 1644 „ne
1246 1564 1390 1661 quis
1441 1562 1526 1634 ad
1576 1563 1882 1634 tuendam
1946 1563 2216 1657 lyricam
2265 1558 2668 1632 comoediam
2718 1557 2841 1629 ad-

612 1673 911 1758 moveat,
963 1675 1188 1738 monet
1236 1689 1380 1756 me,
1432 1673 1507 1736 ut
1553 1665 1628 1736 in
1677 1673 2057 1736 transcursu
2109 1662 2466 1757 attingam,
2543 1659 2718 1756 quod
2767 1659 2839 1731 in

614 1768 792 1839 vasis
844 1767 1226 1863 quibusdam
1277 1767 1481 1862 satyri
1530 1766 1784 1862 figurae
1836 1764 2236 1861 adscriptum
2284 1761 2616 1834 invenitur
2664 1764 2839 1834 KA-

611 1871 879 1943 ΜΟΣ.
983 1868 1067 1940 Id
1096 1867 1509 1941 Welckerus
1561 1869 1805 1964 aliique
1843 1866 2091 1938 Dorice
2143 1866 2388 1937 dictum
2437 1869 2672 1962 putant
2712 1887 2835 1961 pro

610 1974 903 2065 Κῶμος.
1005 1969 1101 2041 At
1131 1969 1497 2041 Dorienses
1540 1993 1745 2066 quum
1798 1996 1846 2040 α
1897 1993 2020 2065 pro
2073 1995 2135 2040 ω
2183 1974 2570 2064 posuerunt,
2624 1963 2837 2037 estid

614 2094 702 2143 ex
754 2071 1212 2145 coniunctione
1266 2070 1535 2144 duarum
1566 2070 1890 2142 vocalium
1943 2077 2345 2159 concretum,
2398 2090 2668 2163 quarum
2707 2088 2837 2136 una

551 2229 557 2238 ,
612 2179 716 2244 est
767 2199 843 2261 α,
896 2196 1101 2269 eaque
1152 2174 1261 2244 vel
1311 2173 1498 2270 prior
1551 2173 1655 2243 vel
1706 2171 2061 2269 posterior,
2115 2177 2187 2241 ut
2235 2165 2306 2241 in
2357 2195 2407 2241 α
2457 2176 2526 2239 et
2577 2173 2675 2240 ἄν
2710 2191 2840 2264 ge-
2950 2259 2959 2266 ‚

606 2273 964 2346 nitivorum
1026 2299 1113 2346 ex
1166 2300 1258 2347 ao
1307 2282 1376 2346 et
1428 2299 1628 2363 αων,
1691 2274 1761 2345 in
1813 2278 2095 2369 πρῶτος
2151 2295 2237 2343 ex
2301 2263 2698 2365 nocituros,
2763 2269 2833 2340 in

609 2368 758 2448 ἄτα
793 2397 895 2447 'ex
945 2375 1218 2464 οὔατα,
1290 2375 1597 2472 aliisque.
1700 2374 1916 2467 Quin,
1981 2374 2041 2446 si
2092 2371 2418 2444 dixissent
2465 2370 2838 2443 Dorienses

507 2477 519 2487 ’
605 2484 846 2571 κᾶμος
892 2502 1015 2574 pro
1065 2483 1353 2571 κῶμος,
1425 2478 1572 2573 quis
1641 2477 1867 2549 credat
1931 2475 1994 2548 ei
2061 2475 2309 2546 formae
2352 2474 2576 2544 locum
2626 2472 2837 2544 fuisse
2892 2535 2899 2540 ,

606 2578 679 2650 in
730 2580 1048 2675 picturis,
1119 2580 1191 2650 iu
1243 2578 1476 2674 quihus
1513 2577 1724 2649 -aliud
1774 2578 2024 2649 nullum
2071 2575 2397 2648 Doricum
2445 2574 2835 2647 vocabulum

608 2686 738 2769 est,
792 2679 911 2751 sed
962 2680 1221 2756 adiecta
1270 2687 1421 2749 sunt
1471 2679 1797 2751 communi
1845 2679 2075 2773 lingua
2122 2672 2460 2771 Γαλήνη,
2526 2668 2868 2772 Εἰρήνη,

545 2856 552 2861 ,
613 2773 988 2874 Οἰνάνθη,
1029 2772 1477 2861 Ἡδύοινοςὲ·
1560 2778 1678 2850 Ex
1731 2804 1859 2874 quo
1911 2780 2374 2874 consequitur,
2424 2777 2602 2849 istud
2652 2782 2835 2850 KA-

602 2883 879 2964 ΜΟΣΙ
902 2888 1015 2952 aut
1076 2880 1573 2954 usitatissimum
1635 2879 1805 2951 illud
1866 2880 1936 2951 in
1998 2880 2175 2952 vasis
2225 2881 2600 2953 ΚΑΛΟΣ
2618 2920 2629 2937 x
2654 2903 2828 2970 esse,

606 2989 726 3054 aut
772 2983 884 3080 qui
935 2981 1425 3078 descripserunt
1474 2997 1744 3079 putasse
1781 2986 1869 3054 >A
1917 3006 2065 3054 esse
2123 2981 2296 3077 quod
2324 2980 2407 3054 Ω
2438 2988 2608 3064 erat.
2684 2974 2831 3054 Ne-

607 3108 733 3182 que
783 3084 851 3156 id
903 3085 1158 3174 mirum,
1213 3108 1408 3180 quum
1458 3107 1658 3181 saepe
1707 3083 2131 3156 incertissimi
2164 3084 2316 3156 ‘sint
2364 3083 2435 3155 in
2489 3083 2663 3155 vasis
2703 3081 2831 3154 du-

481 3174 752 3285 25ctus
802 3186 1193 3258 litterarum.
1312 3183 1437 3257 Sic
1483 3186 1556 3256 in
1617 3185 1739 3255 illa
1789 3185 1963 3283 apud
2012 3184 2517 3257 Tisehheinium
2566 3185 2830 3283 pictura

414 3331 421 3342 =
603 3290 741 3362 vol.
769 3285 874 3359 ΙΙ.
917 3287 1053 3358 tab.
1083 3289 1209 3361 44.
1260 3281 1503 3368 πόθος
1534 3286 1813 3359 inferius
1847 3287 2170 3359 adiectum
2204 3285 2401 3358 habet
2433 3286 2828 3373 ΚΟΛΟΣ,

603 3389 776 3487 quod
829 3390 975 3462 sine
1027 3388 1223 3461 dubio
1276 3397 1380 3460 est
1416 3389 1816 3478 ΚΛΛΟΣ,
1866 3388 2128 3484 alioque
2176 3387 2248 3459 in
2302 3389 2594 3478 vasculo,
2649 3387 2827 3484 quod

543 3491 551 3497 ’
598 3491 747 3588 ipse
809 3514 884 3563 se
949 3492 1360 3562 examinasse
1426 3489 1586 3562 dicit
1630 3489 2091 3581 -Welckerus,
2165 3489 2543 3586 legisseque
2605 3489 2681 3561 in
2741 3512 2824 3561 eo

597 3595 995 3666 ΚΑΜΟΣ
1038 3600 1107 3664 et
1155 3596 1374 3664 IAM
1416 3592 1522 3662 vel
1574 3597 1805 3679 ΙΑΣ,
1872 3614 2037 3688 quae
2089 3589 2268 3663 edita
2318 3599 2422 3664 est
2470 3591 2614 3664 eius
2669 3614 2826 3663 vas·-

598 3695 732 3766 culi
783 3695 1081 3789 pictura,
1152 3693 1438 3790 repetita
1485 3693 1553 3764 in
1608 3692 1945 3767 Gerhardi
1994 3694 2328 3765 centuriae
2379 3693 2634 3791 primae
2682 3694 2823 3766 tab.

593 3794 849 3868 XVII.
900 3797 1174 3893 praehet
1222 3793 1585 3869 ΚΩΜΟΙ
1615 3804 1714 3867 et
1749 3793 2005 3867 «ΙΩΜ.
2121 3793 2219 3867 Et
2266 3795 2386 3866 illa
2436 3794 2700 3891 quidem
2747 3795 2820 3866 in

592 3898 854 3995 pictura
903 3921 1039 3970 non
1089 3897 1348 3986 dubium
1408 3896 1661 3968 videtur
1711 3898 1868 3992 quin
1918 3893 2320 3971 ΚΩΜΟΣ
2360 3896 2679 3994 posuerit⁴
2709 3919 2823 3968 ar-

384 4058 402 4067 „
594 3999 789 4073 tifex.
892 3995 1034 4072 Sed
1086 3999 1243 4070 alibi
1292 3999 1426 4094 ipsi
1477 3998 1766 4070 artifices
1817 4007 2211 4095 peccarunt,
2278 4007 2354 4070 ut
2417 4023 2616 4095 quum
2661 3995 2829 4072 ,ΩΣ

431 4123 444 4135 ‘
488 4162 493 4169 .
591 4124 716 4198 pro
758 4101 925 4187 ΟΣ,
979 4101 1591 4175 ΜΕΝΑΛΑΟΣ
1631 4125 1754 4197 pro
1790 4100 2390 4175 ΜΕΝΕΛΑΟΣ
2430 4106 2818 4197 posuerunt.

419 4245 423 4252 ·
539 4276 548 4279 ,
594 4201 944 4276 Caeterum
997 4225 1083 4273 ex
1134 4202 1269 4285 illa,
1304 4202 1385 4274 ad
1436 4201 1825 4299 Epicharmi
1874 4200 2299 4297 Κωμαστὰς
2341 4226 2659 4301 expressa
2712 4202 2818 4299 pi·-

593 4312 782 4378 utura
831 4328 962 4375 non
1014 4303 1259 4376 rectius
1294 4304 1457 4404 squis
1489 4304 1800 4377 coniiciat
1832 4313 2140 4401 quattuor
2169 4304 2599 4400 histrionibus
2631 4327 2817 4376 usum

437 4399 473 4509 ’μ
593 4428 748 4484 esse
772 4403 1269 4502 Epicharmum,
1324 4428 1517 4503 quam
1569 4405 1650 4478 de
1694 4406 1909 4480 trihus
1933 4406 2394 4505 pronunciavit
2432 4403 2529 4480 O.
2551 4404 2817 4496 Miiuc—
2851 4469 2891 4504 ·,
