3192 4992
571 419 575 423 .
671 357 796 429 180
1025 363 1126 425 DE
1167 361 1464 423 DUABUS
1507 359 2148 421 mscRIP‘nomssUs
2195 357 2528 421 GRAECIS.

672 538 883 624 „sunt
934 529 1098 601 duae
1147 547 1295 620 rea,
1365 527 1448 599 de
1497 523 1733 623 quibus
1785 526 2142 598 dubitatum
2193 534 2336 618 est,
2405 523 2699 625 παριὼν
2747 552 2893 601 esse

672 635 1045 727 „vinc-em
1088 626 1667 727 praetereundo
1718 652 1778 699 s.
1813 652 2056 699 cmm
2094 631 2588 726 praeteriens
2624 631 2892 721 vic-tor,
3028 701 3031 706 .

673 743 802 827 „et
850 732 1112 804 titulum
1163 755 1309 802 esse
1337 731 1631 802 Dorice
1680 731 2080 829 scriptum,
2136 730 2307 825 quod
2344 731 2590 826 sumpsi
2632 731 2703 801 in
2738 756 2899 828 sup-

676 837 1063 931 „plemento
1118 829 1485 923 ὄπλίτα[ν.
1587 831 1698 902 De
1749 832 1972 926 priore
2024 853 2154 902 non
2207 831 2508 928 putabam
2565 831 2897 905 dubitatu-

675 961 875 1030 „rum
940 958 1325 1030 quemquam
1377 931 1640 1005 Graece
1693 931 1980 1003 doctum.
2095 931 2197 1004 Vt
2246 930 2737 1027 ἀμείβεσθαι,
2800 934 2898 1005 ita

677 1035 1074 1133 ,,παριέναι
1124 1044 1192 1107 et
1241 1036 1644 1132 παρελθεῖν
1708 1041 1776 1104 et
1828 1031 2346 1130 παραδραμεῖν
2396 1033 2638 1105 dicitur
2684 1034 2899 1107 victor

671 1140 1133 1235 ·„quicunque,
1186 1159 1226 1207 a
1276 1161 1505 1207 cursus
1555 1135 1969 1231 potissimum
2017 1135 2200 1207 ludis'
2244 1136 2527 1208 omnium
2580 1136 2900 1231 antiquis-

563 1279 569 1286 ·
679 1240 920 1334 „simis
986 1248 1054 1311 et
1118 1237 1585 1334 vulgatissimis
1655 1237 1996 1332 desumpta
2060 1236 2385 1309 dictione:
2467 1238 2789 1334 exemplis
2839 1238 2900 1308 si
3003 1327 3011 1335 .

678 1365 924 1437 „opus
956 1348 1083 1430 est,
1138 1338 1581 1436 suppeditavit
1616 1362 1694 1410 ea
1730 1338 2054 1409 Meierus.
2157 1338 2357 1435 Apud
2384 1339 2902 1435 Xenophontem

680 1441 1021 1539 „(Cyrop.
1072 1440 1137 1512 I.
1188 1445 1264 1532 4,
1318 1441 1424 1538 5.)
1479 1447 1621 1511 estz
1685 1436 1878 1533 ταχὺ
1924 1437 2065 1533 μὲν
2115 1443 2216 1522 εἷς
2261 1437 2349 1513 τὸ
2397 1443 2566 1512 ἴσον
2597 1439 2902 1536 ἀφίκετο

680 1548 891 1638 »τοῖς
935 1542 1146 1639 ἥλιξι,
1196 1540 1387 1636 ταχὺ
1438 1537 1520 1614 δὲ
1570 1537 1938 1637 παρῄει,
2006 1541 2088 1612 de
2123 1543 2221 1613 rei
2255 1542 2580 1638 equestris
2618 1542 2900 1638 peritiaz

679 1646 851 1739 „ubi
898 1655 1080 1717 recte
1112 1643 1351 1741 Poppo
1400 1643 1693 1740 explicat
1734 1644 2157 1743 superavit,
2212 1642 2376 1718 duce
2412 1643 2655 1714 veteris
2682 1666 2905 1739 gram-

667 1748 961 1841 ·„matici
1012 1746 1457 1843 explicatione
1509 1742 1864 1838 ἐνίκησεν.
1964 1742 2117 1816 Νοιι
2168 1744 2251 1817 de
2308 1745 2561 1816 victore
2614 1744 2903 1841 quidem,

680 1849 858 1942 „sed
908 1855 1125 1919 tamen
1177 1847 1258 1919 de
1311 1871 1390 1919 eo
1443 1847 1556 1942 qui
1610 1869 1798 1940 quem
1849 1853 2224 1942 praetereat
2274 1870 2509 1935 cursu,
2581 1869 2713 1917 una
2762 1873 2906 1918 πα·-

667 1947 1134 2047 ·,,ρέρχεσθαι
1200 1955 1268 2020 et
1332 1947 1670 2044 παριέναι
1734 1946 1976 2018 dicitur
2040 1947 2120 2017 ab
2172 1948 2402 2019 eodem
2450 1948 2904 2045 Xenophonte

679 2051 988 2146 „(Anab.
1039 2049 1177 2122 IV.
1229 2053 1304 2140 7,
1375 2052 1496 2124 ll.
1556 2051 1773 2146 12.)=.
1814 2051 2046 2144 χωρεῖ
2084 2045 2332 2131 ἀὐτὸς
2379 2047 2507 2122 καὶ
2555 2047 2906 2143 παρέρχε-

680 2179 881 2247 ,,ται.
969 2149 1009 2225 ὃ
1062 2148 1146 2224 δὲ
1195 2149 1664 2246 Καλλίμαχος
1714 2147 1815 2232 ὥς
1875 2146 2073 2245 ἑώρα
2125 2147 2359 2224 αὐτὸν
2421 2146 2905 2245 παριόντα.

631 2307 635 2311 -
681 2253 918 2348 „Hinc
966 2261 1042 2325 ut
1091 2247 1395 2354 φεύγειν
1443 2260 1513 2325 et
1559 2246 1880 2341 διώκειν,
1931 2253 2025 2323 ita
2075 2253 2478 2349 παρελθεῖν
2508 2253 2577 2324 iu
2607 2253 2906 2325 iudiciali

680 2363 1094 2452 „usurpatur
1143 2378 1481 2445 sermone,
1556 2362 1625 2425 et
1674 2361 1778 2425 est
1826 2353 1937 2426 hic
1987 2377 2245 2450 quoque
2295 2356 2640 2443 vincere,
2714 2362 2790 2426 ut
2836 2354 2908 2425 in

680 2459 890 2551 „loco
941 2456 1187 2552 insigni
1235 2455 1708 2528 Demosthenis
1758 2455 1839 2526 de
1893 2475 2137 2527 corona
2188 2459 2292 2552 (p.
2351 2459 2526 2547 227,
2583 2459 2740 2552 18.)
2795 2453 2908 2528 ὅτι

682 2557 874 2652 »τὰς
924 2555 1165 2638 αἰτίας
1227 2555 1352 2630 καὶ
1415 2555 1550 2638 τὰς
1598 2551 1993 2652 διαβολάς,
2063 2553 2182 2638 αἷς
2243 2558 2323 2631 ἐκ
2372 2563 2508 2630 τοῦ
2558 2553 2910 2654 πρότερος

668 2659 975 2758 ·,,λέγειν
1040 2656 1080 2728 ὃ
1145 2653 1443 2730 διώκων
1493 2652 1728 2749 ἰσχύει
1740 2711 1767 2743 ,
1840 2656 1977 2730 οὐκ
2026 2658 2134 2729 ἔνι
2184 2664 2292 2753 τῷ
2346 2654 2700 2759 φεύγοντι
2750 2686 2909 2732 πα-

681 2757 1176 2853 ,,ρελθεῖν,
1257 2758 1386 2829 hoc
1453 2766 1556 2829 est
1633 2764 1928 2851 νικῆσαι
1988 2757 2457 2854 'interpretibus
2527 2760 2912 2857 Harpocra-

682 2862 946 2953 „tione,
1001 2856 1238 2948 Suida,
1290 2857 1617 2955 leiauo,
1670 2859 1781 2954 qui
1833 2868 1902 2930 et
1950 2860 2094 2955 ipse
2145 2860 2311 2932 vidit
2362 2884 2402 2932 a
2452 2887 2682 2934 cursus
2732 2862 2909 2934 ludis

685 2962 1083 3056 „desumpta
1132 2960 1296 3031 haec
1347 2984 1531 3032 esse:
1598 2960 2076 3056 praetereundo
2129 2962 2301 3033 enim
2345 2963 2518 3059 quod
2559 2988 2793 3037 cursor
2839 2964 2910 3036 iu
2995 3029 3001 3034 .

635 3062 918 3158 8„ludis
984 3062 1228 3153 vincit,
1315 3063 1466 3134 ideo
1532 3063 1662 3133 iam
1731 3063 1925 3133 etiam
1992 3087 2146 3134 reus
2212 3063 2455 3136 dicitur
2516 3067 2910 3161 praeterire,

683 3164 853 3261 „ubi
924 3164 1127 3235 vincit
1203 3171 1517 3237 actorem.
1648 3164 1933 3236 Accedit
1996 3164 2479 3262 Aristophanes
2550 3165 2910 3264 Equitibus

683 3271 843 3366 „(v.
895 3267 1108 3363 276.)
1133 3290 1155 3335 ε

885 3413 1105 3509 »ἀλλ’
1165 3412 1299 3490 ἐὰν
1345 3412 1599 3511 μέντοι
1648 3441 1732 3515 γε
1781 3422 2048 3512 νικᾷς
2095 3423 2185 3512 τῇ
2229 3417 2403 3514 βοῇ,
2454 3413 2793 3514 τήνελλος
2826 3414 2908 3492 εἷ.

884 3514 1035 3622 »ἢν
1098 3513 1172 3591 δ’
1255 3513 1598 3615 ἀναιδείᾳ
1662 3515 2176 3614 παρέλθῃς,
2253 3516 2598 3618 ἡμέτερος
2663 3517 2703 3593 ὅ
2769 3546 2912 3595 πυ-

2000 3626 2303 3717 ραμοῦς.
2324 3627 2378 3668 “

686 3769 841 3844 Non
889 3794 1164 3868 prorsus
1213 3770 1442 3843 eadem
1503 3776 1661 3841 sunt
1708 3768 2049 3867 παριέναι
2099 3779 2168 3843 et
2216 3772 2639 3868 παρελθεῖν.
2741 3769 2915 3844 Nam

688 3873 1095 3968 παρελθεῖν
1142 3872 1243 3945 sic
1292 3872 1558 3963 dicitur,
1626 3879 1701 3943 ut
1748 3873 2145 3969 respiciatur
2191 3873 2261 3943 id
2327 3898 2455 3969 quo
2519 3874 2668 3969 quis
2715 3897 2916 3971 prae-

689 3974 1009 4046 tereundo
1042 3975 1263 4045 veniat
1297 3975 1400 4044 vel
1428 3973 1685 4045 evadat.
1754 3972 2119 4068 Παριέναι
2149 3998 2302 4047 vero
2335 4000 2528 4071 quum
2560 3976 2649 4047 sit
2677 3999 2913 4077 prae-

679 4072 1084 4174 teo-gredi,
1149 4075 1336 4146 abest
1385 4075 1466 4145 ab
1492 4075 1712 4147 huius
1770 4076 1948 4147 verbi
1999 4084 2234 4148 natura
2284 4077 2644 4148 celeritatis
2699 4078 2911 4167 notio,

667 4183 771 4249 'ut
819 4177 891 4248 in
931 4173 1382 4272 Cyropaediae
1407 4247 1412 4266 2
1434 4173 1767 4275 exemplo.
1867 4175 2013 4251 Nec
2063 4175 2122 4249 si
2173 4178 2344 4275 apud
2395 4178 2690 4251 eumdem
2742 4177 2919 4250 scri-

695 4286 956 4376 ptorem
1017 4278 1087 4349 iu
1137 4278 1429 4348 Anabasi
1493 4278 1573 4349 de
1643 4287 1947 4351 currente
1996 4279 2256 4352 dictum
2308 4286 2448 4371 est,
2521 4287 2795 4377 spectat
2828 4278 2914 4351 ad

667 4385 985 4456 'cur-sum.
1085 4379 1403 4451 Refertur
1450 4381 1620 4451 enim
1674 4379 1758 4451 ad
1807 4379 1971 4451 illud
2022 4382 2235 4476 ipsum
2286 4391 2718 4475 momentum,
2783 4405 2914 4478 quo
