3192 4992
1115 357 1303 419 rAns
1341 358 1778 438 Pos‘rmuoa.
2431 358 2562 428 813

326 527 495 618 rint,
547 526 618 597 in
652 523 945 599 Graecia
992 549 1267 623 prorsus
1316 515 1658 620 exstingui
1705 524 1900 598 huius
1946 526 2048 598 rei
2088 527 2403 599 memoria
2431 553 2562 625 po-

327 626 579 719 tnerit,
642 627 967 725 planeque
1019 626 1260 700 diversi
1310 628 1394 698 ab
1447 624 1615 699 Sole
1667 637 1735 699 et
1782 625 1986 699 Luna
2034 628 2262 700 haberi
2309 630 2558 726 Apollo

329 739 403 802 et
452 729 700 802 Diana.
804 728 1016 820 Quod
1065 729 1124 802 si
1173 752 1307 800 non
1359 737 1606 800 temere
1659 729 2012 821 hariolari,
2081 730 2197 801 sed
2250 732 2563 826 probabi·-

328 832 464 903 lem
518 831 806 926 aliquam
870 831 1191 902 rationem
1256 853 1572 926 quaerere
1629 831 1963 921 volumus,
2037 831 2233 912 facile
2289 841 2563 929 apparet

327 931 741 1004 redeundum
791 956 941 1004 esse
989 931 1071 1003 ad
1122 955 1242 1022 ea,
1296 955 1463 1027 quae
1514 930 1597 1003 de
1649 932 2101 1028 antiquissimo
2152 935 2221 1005 in
2274 932 2567 1007 Graecia
2667 933 2681 946 “

329 1035 525 1107 cultu
573 1034 910 1129 Apollinis
961 1033 1206 1105 tradita
1252 1033 1591 1105 habemus.
1689 1032 2004 1108 -Vidimas
2056 1043 2270 1107 autem
2323 1058 2403 1106 ea
2454 1059 2568 1107 sa-

328 1159 455 1208 cra
505 1136 719 1233 primo
770 1134 1136 1230 Pythonem
1186 1134 1487 1226 venisse,
1554 1134 1623 1206 vi
1672 1144 1993 1232 occupato
2046 1137 2254 1209 veteri
2304 1136 2567 1210 Terrae

333 1239 655 1325 oraculo;
708 1235 943 1308 deinde
993 1237 1223 1333 pulsos
1272 1236 1354 1307 ab
1388 1236 1678 1333 Delphis
1728 1238 2016 1310 cultores
2050 1238 2388 1334 Apollinis
2440 1238 2571 1309 ali·
2695 1241 2705 1287 4

330 1338 653 1435 quamdiu
704 1337 983 1436 Tempe‘
1015 1339 1084 1409 in
1128 1337 1489 1410 Thessalia
1537 1337 1854 1431 tenuisse,
1906 1339 2127 1435 ibique
2178 1365 2311 1413 non
2360 1363 2570 1412 vexa-

334 1449 452 1512 tos
505 1463 696 1512 sacra
746 1462 867 1512 sua
917 1439 1175 1527 obisse;
1239 1452 1602 1537 postremo,
1653 1464 1958 1513 reversos
1992 1441 2386 1537 Pythonem,
2437 1442 2571 1514 ite·

335 1566 491 1614 rum
541 1541 862 1614 invasisse
913 1541 1086 1638 quod
1137 1541 1230 1612 ibi
1282 1549 1425 1614 erat
1457 1540 1721 1614 Terrae
1773 1543 2135 1633 oraculum,
2185 1543 2256 1614 in
2297 1544 2570 1639 eiusque

338 1643 774 1740 possessione
836 1644 1183 1715 mansisse.
1297 1641 1599 1740 Apparet
1663 1668 1749 1716 ex
1812 1644 1957 1735 his,
2042 1645 2302 1741 priscos
2353 1652 2570 1717 terrae

340 1744 721 1841 Delphicae
770 1745 1024 1816 incolas
1088 1769 1221 1817 non
1273 1744 1522 1817 eiectos
1572 1745 1653 1816 ab
1705 1745 1973 1818 advenis
2022 1746 2406 1842 Apollinem
2458 1769 2575 1818 ve-

342 1845 730 1919 nerantibus
782 1870 967 1937 esse,
1041 1844 1196 1937 sed,
1266 1871 1459 1943 quum
1521 1847 1655 1943 ipsi
1718 1871 1835 1920 eos
1898 1849 2126 1944 paullo
2178 1857 2331 1945 post
2380 1843 2673 1944 quaml7

345 1947 751 2019 advenerant
801 1947 1237 2044 expulissent,
1292 1948 1628 2043 aliquanto
1679 1958 1834 2046 post
1884 1974 1971 2021 ex
2023 1948 2409 2041 Thessalia,
2463 1948 2575 2020 ubi

343 2050 613 2120 interim
668 2072 833 2144 opes
880 2071 1107 2122 eorum
1159 2059 1389 2121 auctae
1441 2059 1654 2142 erant,
1706 2051 1953 2122 maiore
1994 2053 2058 2123 vi
2102 2052 2386 2122 reversis
2420 2074 2577 2122 suo-

342 2150 685 2224 cubuisse.
786 2148 903 2222 Ex
952 2175 1032 2223 eo
1086 2148 1282 2222 facile
1330 2151 1494 2222 licet
1543 2152 1823 2243 coniici,
1893 2161 2231 2249 utrosque,
2285 2161 2352 2223 et
2399 2151 2579 2222 indi-

347 2276 560 2348 genas
613 2259 681 2323 et
731 2252 1047 2342 advenas,
1094 2275 1288 2347 quum
1341 2251 1568 2322 eodem
1622 2253 1690 2324 in
1742 2254 1892 2325 loco
1944 2253 2257 2348 permixti
2297 2254 2472 2323 inter
2501 2275 2577 2326 se

348 2355 679 2444 viverent,
730 2352 997 2448 suisque
1049 2353 1309 2448 utrique
1362 2353 1569 2424 sacris
1622 2363 1986 2443 uterentur,
2040 2354 2380 2451 paullatim
2418 2378 2583 2425 con-

349 2454 609 2527 fudisse
660 2454 1046 2550 religiones,
1100 2453 1328 2525 alteris
1380 2453 1627 2525 alteros
1657 2455 1983 2550 patienter
2010 2455 2394 2527 ferentibus.
2459 2452 2583 2526 In-

353 2556 741 2653 digenarnm
795 2564 1014 2626 autem
1063 2554 1466 2626 consuetudo
1519 2564 1662 2627 erat
1712 2557 1902 2652 signa
1937 2566 2005 2628 et
2038 2557 2390 2630 simulacra
2419 2555 2583 2627 deo-

355 2681 509 2730 rum
553 2679 802 2754 ponere
852 2680 1017 2752 quos
1073 2666 1567 2744 venerarentur3
1622 2657 1904 2729 advenas
1957 2682 2141 2748 vcro,
2195 2657 2307 2754 qui
2334 2656 2586 2729 Persa·

344 2784 505 2832 rum
548 2757 903 2855 opiniones
952 2758 1414 2853 sequebantur,
1467 2757 1784 2830 credibile
1836 2767 1939 2831 est
1990 2763 2116 2831 nec
2165 2759 2409 2855 templa
2460 2783 2586 2832 nec

356 2860 715 2933 simulacra
778 2858 1047 2931 deorum
1097 2859 1431 2930 habuisse.
1533 2856 1658 2932 Sic
1720 2860 1890 2931 enim
1956 2860 2036 2932 de
2088 2858 2318 2931 Persis
2384 2859 2589 2934 tradit

356 2960 748 3034 Herodotus
797 2958 861 3032 I.
919 2962 1091 3035 131.
1157 2958 1456 3054 Πέρσας
1516 2956 1599 3035 δὲ
1666 2957 1837 3034 οἶδα
1897 2957 2193 3054 νόμοισι
2241 2957 2588 3034 τοιοισίδε

353 3059 861 3162 χρεωμένους·
913 3055 1306 3162 ἀγάλματα
1355 3057 1495 3155 μὲν
1543 3059 1672 3134 καὶ
1719 3060 1943 3156 νηοὺς
1966 3061 2091 3137 καὶ
2116 3060 2427 3157 βωμοὺς
2453 3061 2592 3143 οὐκ

361 3169 447 3241 ἐν
478 3160 694 3260 νόμῳ
721 3160 1199 3256 ποιευμένους
1230 3157 1655 3258 ἱδρύεσθαι,
1708 3161 1893 3236 ἀλλὰ
1925 3161 2053 3236 καὶ
2084 3167 2275 3235 τοῖσι
2307 3169 2593 3235 ποιεῦσι

364 3263 663 3363 μωρίην
711 3262 1162 3361 ἐπιφέρουσι,
1229 3261 1330 3345 ὥς
1376 3260 1518 3357 μὲν
1567 3261 1731 3358 ἐμοὶ
1781 3261 2012 3338 δοκέει
2026 3318 2052 3353 ,
2104 3260 2218 3337 ὅτι
2269 3264 2405 3336 οὐκ
2454 3262 2594 3337 ἀν·-

365 3363 875 3463 θρωποφυέας
925 3360 1279 3460 ἐνόμισαν
1325 3363 1500 3458 τοὺς
1536 3363 1764 3448 θεοὺς
1800 3361 2127 3463 κατάπερ
2162 3364 2232 3438 οἱ
2259 3362 2595 3461 Ἕλληνες

370 3468 586 3543 εἶναι.
688 3467 1001 3541 Confusis
1050 3468 1255 3563 igitur
1305 3467 1598 3562 utrisque
1649 3469 1882 3558 sacris,
1935 3492 2126 3565 quum
2180 3475 2437 3539 veteres
2487 3467 2596 3538 iu-

373 3573 567 3643 colae
617 3569 1005 3640 advenarum
1040 3593 1229 3641 sacra
1272 3570 1707 3664 susciperent,
1756 3570 2298 3667 consequebatur,
2351 3568 2597 3641 nt‘diis

238 3687 253 3696 ”
375 3694 638 3770 quoque
690 3671 877 3742 novis
929 3671 1270 3742 humanam
1325 3672 1617 3766 speciem
1657 3672 2044 3762 tribuerent,
2098 3694 2342 3766 eosque
2387 3670 2598 3766 signis

378 3774 788 3871 quibusdam,
842 3772 1131 3869 quamvis
1165 3773 1354 3844 initio
1400 3771 2164 3869 rudibns5eflingerent.
2268 3770 2416 3862 Quo
2458 3795 2602 3842 ma-

379 3878 487 3971 gis
538 3874 706 3946 euim
762 3874 1027 3945 mobilia
1077 3875 1294 3970 gentis
1343 3874 1610 3970 ingenia
1660 3873 1740 3944 ab
1792 3874 1877 3945 iis
1929 3875 2163 3964 rebus,
2238 3896 2412 3970 quae,
2454 3873 2600 3944 sola

376 3977 619 4049 mentis
670 3976 1072 4072 cogitatione
1112 3975 1842 4073 comprehenderentur,
1894 3974 2351 4067 abhorrebant,
2404 3981 2599 4070 atque

386 4079 468 4150 ad
520 4102 599 4150 ea
648 4077 1050 4167 ferebantur,
1103 4101 1269 4173 qnae
1320 4078 1619 4149 sensibus
1671 4077 1927 4175 percipi
1977 4086 2287 4175 possent,
2341 4100 2421 4148 eo
2472 4076 2603 4146 mi·-

385 4204 510 4251 nus
559 4180 644 4251 iis
694 4179 1076 4272 satisfacere
1125 4187 1433 4276 poterant
1482 4178 1601 4268 dii,
1656 4201 1927 4306 quorum
1968 4180 2189 4251 divina
2226 4180 2321 4250 vis
2358 4185 2426 4248 et
2477 4199 2603 4271 po-

344 4281 597 4352 .tentia
645 4282 937 4375 mysticis
977 4281 1345 4352 nominibus
1396 4279 1506 4351 dei
1555 4279 1823 4354 ἑκατου
1872 4280 2161 4378 deaeque
2213 4272 2471 4370 ἑκάτης
2505 4276 2603 4346 si·-

390 4382 816 4480 gnilicaretur
824 4433 854 4477 ,
929 4383 1179 4455 formae
1243 4390 1503 4476 autem,
1568 4405 1737 4478 quae
1796 4382 1869 4454 in
1931 4382 2118 4456 caelo
2181 4384 2603 4477 apparerent,
