3192 4992
740 369 841 429 nn
882 366 1255 427 Anscm1
1294 365 1679 464 'rumonus
1720 367 2118 430 THEBAle.
2324 329 2327 336 Ἰ
2436 368 2563 437 197

326 534 520 607 etiam
559 533 946 624 Homerum,
1002 533 1117 629 qni
1148 533 1328 604 ·alibi
1377 529 1687 629 ἰφθίμῳ
1735 531 1807 605 τ’
1852 531 2063 629 Ἀίδῃ
2113 532 2242 610 καὶ
2289 537 2552 635 ἐπαινῇ

323 631 822 733 ΙῙερσεφονείῃ
876 634 1163 727 dixerit,
1230 633 1548 706 credibile
1590 644 1695 718 est
1727 631 1939 729 Ἀΐδῃ
1980 631 2377 733 κεύθωμαι
2425 665 2553 736 po·-

281 739 556 836 vsuisne.
656 735 919 809 Deinde
974 737 1128 833 quia
1183 732 1532 810 Οἰδίποδι
1595 759 1834 832 prosae
1889 738 2248 829 orationis,
2336 738 2552 815 Οἰδι-

313 834 505 932 πόδῃ
558 848 775 910 autem
825 838 1127 934 poeticae
1180 846 1309 909 est.
1395 825 1708 909 'Vltimos
1762 862 2016 929 versus,
2064 839 2138 910 ‘in
2181 840 2415 935 quihus
2461 831 2553 913 li·-
2640 909 2645 918 .

315 939 414 1010 bri
462 934 825 1035 πατρῴαν
875 942 983 1034 εἴη
1035 934 1370 1035 φιλότητι
1421 939 1685 1031 hahent,
1737 937 2025 1013 τελέθοι
2077 949 2293 1013 autem
2341 943 2551 1015 omis-

314 1065 454 1113 sum
507 1050 652 1131 est,
724 1041 878 1112 olim
933 1042 1129 1111 aliter
1179 1041 1671 1112 constitueram.
1793 1039 1946 1113 Non
1999 1041 2276 1114 debehat
2325 1052 2544 1117 tamen

312 1142 552 1233 obiici,
627 1141 799 1239 qnod
865 1135 1256 1216 δᾶσσαιντ’
1329 1142 1399 1215 in
1462 1142 1860 1238 principium
1922 1144 2247 1239 postremi·
2314 1169 2540 1218 versus

310 1243 680 1317 coniectum
729 1245 925 1339 plane
978 1244 1211 1315 falsam
1264 1251 1656 1340 potestatem
1709 1245 2079 1340 acciperet:
2154 1233 2372 1340 qualia
2425 1247 2537 1343 qui

305 1344 590 1443 profert,
642 1353 756 1418 aut
784 1344 1206 1441 cupiditatem
1239 1344 1786 1441 reprehendendi,
1839 1354 1952 1417 aut
1984 1368 2210 1442 parum
2249 1335 2588 1444 diligen-9

307 1455 441 1518 tem
490 1446 841 1519 lectionem
873 1447 1219 1542 epicorum
1264 1446 1511 1543 prodit.
1545 1444 1551 1449 ’
1615 1443 1847 1542 Neque
1884 1470 2038 1519 vero
2077 1447 2308 1520 doctus
2337 1457 2538 1543 poeta

306 1557 423 1620 aut
471 1542 785 1644 πατρῷά
839 1547 915 1647 γ’
975 1544 1084 1620 ε’νὶ
1136 1542 1507 1644 φιλότητι,
1578 1557 1692 1619 aut
1741 1546 2224 1646 ἀμφοτέροισι
2287 1546 2363 1623 δ’
2422 1548 2538 1623 ἀεὶ

303 1644 611 1744 πόλεμοί
659 1676 737 1721 τε
784 1643 1021 1744 μάχαι
1060 1675 1138 1721 τε
1168 1647 1501 1749 γένοιντο
1544 1649 1834 1720 scribere
1865 1650 2106 1748 potuit.
2209 1647 2350 1722 Sed
2382 1652 2538 1724 mit-

302 1760 437 1823 tam
491 1751 679 1823 haec.
780 1750 1124 1821 Athenaeo
1178 1760 1447 1822 auctore
1479 1748 1873 1822 Eustathius
1929 1777 1997 1848 p.
2047 1753 2268 1842 1684,
2320 1754 2395 1827 6.
2450 1752 2534 1827 de

304 1852 471 1923 diris
543 1850 830 1948 Oedipi:
912 1843 1024 1926 ὧν
1089 1853 1331 1923 αἴτιον
1404 1846 1597 1924 ’κατά
1659 1878 1869 1934 τινας
1938 1850 2050 1925 ὅτι
2112 1851 2532 1950 παρέθεντο
2592 1875 2601 1880 ’

300 1955 566 2027 ἐκεῖνοι
611 1959 720 2049 τῷ
769 1951 995 2047 πατρὶ
1042 1947 1441 2044 ἐκπώματα
1492 1950 1676 2048 ἅπερ
1723 1955 1994 2036 ἐκεῖνος
2025 1950 2531 2055 ἀπηγορεύκει.

296 2048 495 2149 ἦσαν
560 2051 610 2127 δ
611 2051 643 2126 ε’
722 2055 962 2128 ἐκεῖνα
1024 2052 1214 2127 κατὰ
1278 2051 1414 2129 τὸν
1478 2051 1919 2149 πεποιηκότα
1982 2053 2120 2150 τὴν
2181 2054 2554 2150 κυκλικὴν.

304 2153 650 2252 Θηβαΐδα
713 2152 1063 2250 πατρὸς
1127 2157 1320 2229 εὀῖο
1368 2151 1817 2251 τιμήεντα
1866 2154 2127 2258 γέρα,
2196 2155 2530 2231 τουτέστι

295 2264 433 2332 τοῦ
484 2254 757 2330 Λαΐου.
874 2256 1175 2328 Difficile
1228 2265 1331 2328 est
1381 2257 1503 2329 hos
1554 2280 1784 2328 versus
1838 2257 2192 2329 conciliare
2246 2282 2391 2330 eum
2438 2279 2524 2330 ·eo

296 2359 694 2455 fragmento,
749 2357 924 2453 quod
975 2365 1078 2428 est
1128 2358 1298 2452 apud
1352 2357 1775 2429 scholiastam
1812 2355 2173 2452 Sophoclis
2226 2358 2307 2428 ad
2345 2356 2525 2430 Oed.

296 2459 452 2532 Col.
508 2459 730 2534 1375.
785 2459 896 2554 qni
948 2459 1049 2529 sic
1100 2458 1367 2530 scribit:
1434 2465 1658 2531 τοῦτο
1710 2453 2224 2541 ἁπαξάπαντες
2274 2457 2343 2533 οἱ
2381 2456 2525 2556 πρὸ

290 2559 518 2657 ἡμῶν
566 2556 1207 2657 παραλελοίπασιν.
1324 2558 1466 2653 ἔχει
1530 2555 1613 2632 δὲ
1677 2556 1773 2630 τὰ
1826 2556 1974 2631 ἀπὸ
2023 2565 2150 2654 τῆς
2198 2557 2527 2655 ἱστορίας

293 2662 555 2744 οὕτως.
661 2660 732 2734 οἱ
794 2658 960 2755 περὶ
994 2658 1362 2733 Ἐτεοκλέα
1427 2657 1554 2733 καὶ
1605 2656 2071 2753 Πολυνείκην
2135 2658 2237 2733 δι’
2297 2661 2547 2744 ἔθους.

290 2765 585 2859 ἔχοντες
630 2768 738 2857 τῷ
789 2758 1014 2858 πατρὶ
1052 2758 1397 2836 Οἰδίποδι
1446 2759 1755 2854 πέμπειν
1804 2762 1880 2844 ἐξ
1913 2756 2225 2834 ἑκάστου
2257 2759 2525 2858 ἱερείου

290 2869 573 2958 μοῖραν
620 2861 756 2937 τὸν
805 2856 1053 2955 ὦμον,
1124 2856 1615 2956 ἐπιλαθόμενοί
1663 2889 1876 2950 ποτε,
1949 2864 2087 2935 εἴτε
2151 2862 2341 2935 κατὰ
2392 2868 2525 2959 ῥᾳ-

185 2994 190 3000 “
294 2961 593 3062 στιόνην
642 2968 781 3038 εἴτε
831 2966 910 3046 ἐξ
957 2962 1296 3052 ὁτουοῦν,
1347 2962 1592 3058 ἰσχίον
1641 2962 1846 3058 αὐτῷ
1899 2963 2240 3058 ἔπεμψαν
2258 2990 2276 3011 ·
2346 2963 2385 3036 ὃ
2438 2961 2523 3038 δὲ

293 3062 778 3164 μικροψύχῳς
809 3063 936 3139 καὶ
966 3063 1222 3147 τελέως
1248 3065 1603 3164 ἀγεννῶς,
1649 3063 1850 3157 ὅμως
1870 3071 2060 3165 γοῦν
2088 3062 2275 3159 ἀρὰς
2301 3066 2520 3138 ἔθετο

291 3170 459 3243 κατ’
532 3168 788 3241 αὐτῶν
800 3222 826 3254 ,
898 3161 1120 3249 δόξας
1179 3167 1863 3267 κατολιγωρεῖσθαι.
1985 3171 2224 3239 ταῦτα
2290 3164 2332 3239 ὅ
2381 3165 2522 3264 τὴν

290 3267 644 3366 κυκλικὴν
702 3264 1044 3366 Θηβαΐδα
1092 3262 1400 3363 ποιήσας
1447 3267 1726 3364 ἱστορεῖ
1773 3264 2039 3349 οὕτως·
2516 3281 2529 3288 ’

495 3418 739 3515 ἰσχίον
788 3417 890 3502 ὥς
939 3413 1215 3514 ἐνόησε,
1260 3416 1503 3513 χαμαὶ
1548 3413 1783 3515 βάλεν
1831 3415 1988 3490 εἶπέ
2028 3445 2106 3490 τε
2153 3418 2449 3510 μῦθον·

498 3523 563 3595 ὤ
612 3549 741 3616 μοι
791 3516 964 3622 ἐγώ,
1014 3517 1270 3604 παῖδες
1317 3516 1458 3615 μὲν
1505 3517 1978 3601 ὄνειδείοντες
2027 3519 2390 3615 ἔπεμψαν.

496 3618 709 3710 εὗκτο
760 3621 890 3695 Διῒ
929 3622 1235 3718 βασιλῆϊ
1267 3619 1404 3708 ,καὶ
1456 3622 1699 3705 ἄλλοις
1748 3615 2199 3695 ἀθανάτοισι

490 3722 749 3823 χερσὶν
795 3721 923 3798 ὑπ’
984 3721 1315 3820 ἀλλήλων
1361 3718 1870 3821 καταβήμεναι
1903 3719 2148 3806 Ἄϊδος
2195 3723 2391 3795 εἴσω.

293 3878 551 3951 Eadem
598 3878 669 3949 in
704 3876 1139 3948 Triclinianis
1192 3875 1396 3947 edidit
1423 3875 1806 3966 TurnehuS,
1861 3873 2030 3970 apud
2062 3898 2250 3968 quem
2287 3880 2511 3948 τοῦτο

298 3977 613 4061 ἅπαντες
663 3986 731 4051 et
776 3984 1087 4050 τοιαῦτα
1136 3975 1176 4050 ὃ
1226 3973 1362 4071 τὴν
1418 3973 1760 4073 Θηβαΐδα
1807 3972 2155 4069 κυκλικὴν
2202 3970 2510 4070 ποιήσας

293 4082 565 4177 legitur.
665 4078 750 4151 In
789 4079 1088 4152 Romana
1139 4078 1536 4151 scholiorum
1589 4078 1875 4150 editione
1928 4077 2244 4173 scriptum
2293 4074 2334 4150 ὃ
2369 4074 2509 4171 τὴν

294 4181 565 4280 μικρὴν
616 4178 977 4280 Θηβαΐδα.
1078 4179 1441 4252 Elmsleius
1493 4175 1544 4251 θ’
1582 4180 1811 4268 codiee
1860 4177 2309 4250 Laurentiano
2359 4178 2504 4248 edi-

297 4284 473 4357 disse
537 4285 796 4356 videtur
859 4281 900 4356 ὅ
960 4279 1098 4379 τὴν
1160 4280 1507 4377 κυκλικὴν
1563 4277 1904 4376 Θηβαΐδα
1954 4274 2297 4375 ποιήσαςι
2373 4278 2500 4349 etsi

296 4386 601 4484 aliquam·
628 4384 965 4459 dubitandi
1027 4407 1325 4458 caussam
1386 4383 1660 4482 praehet
1719 4384 1884 4456 haec
1932 4382 2076 4455 eius
2124 4378 2458 4473 adnotatio
2476 4406 2501 4455 t
