3192 4992
896 324 997 391 DE
1036 323 1533 389 monnone
1573 324 2034 399 oummco.
2066 266 2073 280 ἱ
2451 320 2591 394 ss}

350 492 499 571 fieri
547 517 683 573 nnn
730 499 958 590 pooest
1021 492 1178 590 quin
1227 492 1651 581 vehementer
1710 474 2186 566 conturbentur
2233 492 2581 567 facillime-

350 620 481 692 que
528 614 761 668 eunus
813 593 1258 690 confringant.
1357 592 1475 666 Ex
1526 616 1660 690 quo
1708 603 2025 692 apparet,
2094 619 2175 668 eo
2226 596 2382 669 loco
2431 594 2584 667 Ta-

348 697 698 794 raxippum
750 696 831 767 ab
880 694 1109 768 Hirtio
1145 719 1312 772 esse
1364 694 1828 787 constitutum,
1905 721 2036 793 quo
2088 697 2219 768 iam
2270 704 2583 794 superata

348 807 525 873 meta
588 796 833 870 desinit
895 797 1118 893 potius
1168 798 1289 868 illa
1339 796 1629 869 irritatio
1695 806 1765 869 et
1814 798 2198 889 fluctuatio,
2264 822 2454 895 quam
2506 806 2583 870 ut

318 900 443 971 ‘ibi
488 899 748 973 initium
801 920 1040 995 capere
1091 900 1332 994 possit.
1433 897 1570 971 llic
1621 898 1880 994 quidem
1912 924 2103 972 error
2133 900 2446 997 proprius
2476 907 2582 971 est

344 998 586 1092 Hirtii,
637 1000 880 1072 vitatus
932 1024 1127 1096 quum
1180 1000 1261 1071 ab
1315 1000 1508 1091 aliis,
1573 1007 1713 1072 tum
1778 1001 1861 1071 ab
1913 999 2008 1073 O.
2057 1001 2393 1073 Miillero=
2460 1000 2583 1073 sed

343 1101 459 1175 hio
508 1102 582 1174 iu
630 1101 916 1174 caeteris
964 1100 1178 1174 Hirtii
1238 1101 1639 1173 lineamenta
1686 1112 2040 1199 repetens,
2105 1103 2237 1175 dno
2290 1104 2423 1175 alia
2472 1103 2584 1174 iu·-

343 1204 526 1295 tulit,
580 1225 747 1299 quae
797 1201 971 1307 falsa
1019 1220 1169 1277 esse
1222 1202 1706 1298 apertissimum
1738 1213 1866 1293 est,
1919 1205 2321 1277 notationem
2373 1212 2444 1277 et
2473 1202 2586 1275 fu·-

334 1306 566 1395 wnium,
638 1304 881 1400 quibus.
920 1305 1077 1401 equi
1126 1304 1197 1375 in
1249 1304 1627 1377 carceribus
1681 1303 1956 1378 cohibiti
2019 1305 2305 1396 fuerint,
2372 1315 2443 1378 et
2490 1305 2585 1383 li·-

343 1430 550 1497 ueae,
616 1405 703 1483 ad
754 1402 946 1501 quam
997 1404 1417 1479 constiterint
1467 1406 1622 1501 eqni
1670 1408 1985 1479 victores.
2090 1407 2284 1499 Quod
2337 1407 2422 1478 ad
2471 1406 2586 1478 fu-

343 1532 466 1581 nes
514 1506 675 1580 illes
726 1507 1003 1599 attinet,
1075 1531 1269 1603 quum
1333 1506 1403 1579 in
1467 1506 1598 1579 ista
1650 1508 1879 1604 oppidi
1929 1508 2376 1606 descriptione
2428 1532 2584 1581 car·-

300 1656 305 1669 ·
344 1633 537 1683 ceres
589 1609 915 1704 utrimque
967 1633 1197 1681 versus
1249 1609 1772 1683 commenticium
1838 1610 2004 1682 illud
2055 1619 2366 1706 puuctum
2420 1634 2584 1682 uor-
2727 1605 2735 1617 ’

344 1711 520 1783 male
570 1718 871 1806 vergant,
925 1710 1007 1782 de
1059 1733 1189 1806 quo
1239 1733 1442 1806 supra
1492 1709 1738 1782 dictum
1771 1720 1900 1800 est,
1957 1736 2369 1808 consequens
2407 1719 2579 1805 erat,

343 1820 423 1884 ut
470 1811 645 1885 ostia
672 1835 1035 1902 carcerum,
1089 1835 1218 1908 quo
1248 1811 1607 1883 remotiora
1658 1834 1698 1882 a
1748 1812 2008 1908 porticu
2039 1813 2364 1910 Agnapti,
2415 1838 2581 1909 pro·

344 1913 538 2011 piora
589 1921 807 1987 autem
832 1921 1073 1985 rostro
1126 1921 1373 2004 essent,
1427 1935 1509 1984 eo
1560 1913 1827 2009 longius
1879 1938 1919 1985 a
1968 1915 2374 2010 marginibus
2407 1912 2582 2011 ‘hip-
2675 1954 2691 1965 ·

342 2014 648 2111 podromi
698 2013 1044 2086 distarent.
1143 2011 1339 2085 Nune
1379 2012 1715 2085 Miillerus
1766 2016 1983 2110 funes,-
2036 2018 2150 2112 qui
2195 2024 2353 2103 ‘ante
2406 2017 2597 2111 ostia·
2714 2059 2726 2073 =

342 2138 684 2188 carcerum
732 2140 856 2212 pro
905 2114 1247 2212 repagulis
1303 2124 1565 2205 essent,
1618 2116 1884 2211 punctis
1933 2125 2200 2190 notatos
2251 2116 2577 2213 utrimque

340 2240 568 2312 usque.
617 2215 703 2288 ad
752 2217 1109 2333 margines,
1149 2215 1568 2334 hippodromi
1620 2215 1963 2315 produxit.
2083 2217 2194 2290 Ita
2253 2218 2373 2289 isti
2444 2217 2575 2289 duo

339 2317 1904 2521 33:’‘„sssssshfflfflmffffssssxssssassffi‘z
1917 2317 2598 2516 ,Ἓῗίἲῗωξὲωᾞῗζῖ

340 2519 430 2593 ad
477 2518 957 2616 longitudinem
1008 2519 1284 2610 alarum,
1350 2541 1540 2615 quam
1592 2519 2065 2617 quadrigentos
2114 2520 2319 2617 pedes
2371 2544 2577 2617 supe-

339 2645 547 2695 rasse.
579 2612 813 2695 scribit
839 2619 1234 2712 Pausanias,
1286 2621 1619 2692 minimum
1671 2621 1874 2717 pedes
1925 2622 2167 2694 habent
2209 2631 2574 2695 trecentos.

185 2768 192 2775 ·
337 2723 438 2798 At
487 2722 635 2820 quis
685 2721 913 2795 credat
959 2720 1212 2813 EleoS‚
1282 2745 1367 2794 ne
1435 2731 1748 2818 quattuor
1803 2723 2140 2819 coniugati
2191 2724 2354 2820 equi·
2393 2725 2603 2796 iusto·

336 2824 539 2901 eitius
590 2831 1046 2915 excurrerent,
1094 2831 1230 2895 tam
1278 2823 1622 2896 immanem
1673 2823 1892 2913 funem
1944 2850 2068 2922 per
2115 2826 2324 2898 totum
2377 2824 2577 2898 dimi-

341 2925 521 3001 dium
570 2925 989 3022 hippodromi
1038 2924 1439 3017 tetendisse,
1504 2926 1619 2995 ubi
1685 2927 1849 2998 satis
1916 2936 2060 2998 erat
2121 2927 2255 3023 ipsi
2321 2936 2572 3000 tantum

342 3028 599 3102 carceri
646 3028 943 3123 regulam
997 3026 1232 3097 denum
1285 3034 1399 3099 aut
1449 3025 1820 3098 duodenum
1884 3027 2120 3123 pedum
2174 3021 2574 3123 praetendi?

336 3126 604 3202 Deinde
657 3153 814 3201 vero
863 3127 1199 3199 Miillerus
1250 3128 1462 3198 etiam.
1496 3127 1683 3198 illam
1731 3127 2000 3219 lineam,
2053 3129 2137 3200 ad
2189 3151 2376 3223 quam
2430 3138 2574 3201 ter-

340 3232 705 3305 minaretur
767 3253 1038 3320 cursus,
1122 3228 1385 3324 punctis
1449 3251 1491 3299 a
1553 3229 1768 3324 prima
1841 3238 2015 3300 meta
2080 3229 2162 3300 ad
2207 3230 2569 3303 ‘sinistrum

338 3333 705 3430 marginem
752 3330 1173 3428 hippodromi
1221 3329 1465 3427 positis
1512 3329 1907 3426 designavit.
2007 3328 2112 3402 Ne
2146 3330 2275 3402 hoc
2307 3330 2569 3426 quidem

338 3434 491 3507 fieri
541 3435 783 3532 potuit.
881 3430 1050 3504 Nam
1101 3439 1204 3504 tot
1255 3432 1469 3528 equis,
1519 3439 1623 3504 tot
1651 3432 1950 3529 curribus
1991 3432 2215 3504 sexies
2255 3441 2370 3503 aut
2399 3432 2570 3504 dno-

342 3533 566 3609 deeies
629 3559 754 3633 per
816 3557 961 3606 eam
1023 3533 1285 3606 lineam.
1326 3531 1746 3629 rapidissimo
1815 3557 2011 3606 cursu
2077 3534 2567 3606 transeuntibus

341 3636 501 3735 quid
549 3637 811 3710 tandem
862 3635 1005 3708 eius
1051 3635 1358 3708 relictum
1408 3643 1611 3726 esset,
1664 3634 1839 3730 quod
1889 3660 2023 3707 non
2073 3644 2250 3708 esset
2298 3635 2567 3730 ungulis

338 3763 658 3836 equorum
704 3737 1002 3834 rotisque
1064 3760 1370 3810 curruum
1428 3736 1529 3808 ita
1594 3737 1947 3832 protritum
1999 3740 2194 3833 atque
2246 3759 2468 3808 arena,
2496 3745 2568 3809 et

334 3841 622 3938 pulvere
671 3839 1000 3932 obrutum,
1051 3848 1127 3912 ut
1175 3838 1425 3910 nullum
1458 3839 1739 3935 amplius
1784 3838 2130 3935 vestigium
2158 3831 2566 3935 appareret?

338 3940 551 4016 Immo
601 3942 817 4014 albam
861 3942 1058 4014 istam
1105 3941 1344 4013 lineam
1359 3990 1386 4032 ,
1458 3963 1651 4036 quam
1716 3947 1959 4013 cretam
2012 3938 2245 4012 Latini
2298 3947 2562 4031 vocant,

338 4034 761 4142 im‘proiecta
825 4043 1079 4117 sinistri
1139 4041 1393 4116 lateris.
1436 4048 1570 4114 tam
1618 4041 1821 4138 longe
1872 4065 1912 4114 a
1962 4041 2175 4137 prima
2221 4050 2397 4114 meta
2445 4064 2560 4113 re-
2603 4080 2614 4091 x

338 4155 582 4221 motam
629 4145 836 4219 fuisse
887 4152 1194 4244 oportet,
1263 4151 1341 4216 ut
1388 4151 1567 4215 esset
1615 4150 1809 4216 extra
1859 4141 2241 4217 amfractum
2304 4144 2376 4216 in
2426 4165 2556 4240 quo

339 4247 591 4321 ‹sn-cum
634 4247 931 4344 primam.
959 4254 1199 4320 metam
1248 4244 1674 4335 flecterentur
1722 4246 1916 4342 equi,
1983 4245 2080 4318 ita
2128 4253 2203 4316 ut
2250 4245 2396 4336 illi,
2447 4244 2561 4316 ul-
2611 4316 2630 4322 ,

338 4349 568 4422 timum
617 4370 877 4422 cursum
939 4354 1334 4448 peragentes
1396 4348 1758 4445 praeterito
1821 4347 1944 4422 illo
2000 4346 2322 4420 amirae-tu
2372 4353 2557 4420 recta

417 4463 645 4539 fluunt.
689 4463 807 4532 01».
846 4463 990 4535 v11.
1471 4538 1479 4544 ,
1548 4504 1567 4525 x
2037 4461 2149 4531 Ce
