3192 4992
610 362 736 430 168
1164 360 1753 422 EMENDATIONES
1793 361 2268 422 PINDARICAE.

607 531 761 605 Non
816 530 962 601 dico
1014 529 1392 622 ἔχθιστον,
1445 527 1620 622 quod
1654 526 1880 599 ·videri
1914 528 2129 622 possit
2172 530 2554 621 αἴσχιστον
2601 530 2826 625 potius

611 633 743 707 dici
795 631 1123 721 debuisse,
1174 637 1250 702 ut
1297 630 1367 700 in
1419 629 1818 702 scholiastae
1860 630 2303 725 explicatione
2340 625 2832 727 αἶσχρότατον

610 735 825 808 codex
875 730 1342 829 Gottingensis
1404 755 1528 827 pro
1581 725 2043 826 ἐχθρότατον
2095 731 2327 803 habetz
2392 755 2542 803 nam
2593 733 2833 828 exqui-

611 837 802 908 sitius
851 834 1111 905 videtur
1160 833 1511 926 ἔχθιστον
1562 831 1643 902 de
1698 855 1777 903 eo
1831 831 2100 922 dictum,
2155 833 2330 928 quod
2358 840 2663 929 tanquam
2706 835 2832 907 ho-

611 939 734 1010 stis
785 944 1018 1007 nocet:
1087 935 1206 1007 sed
1254 930 1340 1006 τὸ
1391 929 1513 1019 δὲ,
1574 933 1749 1029 quod
1800 958 1993 1030 quum
2047 934 2281 1006 debeat
2327 941 2549 1007 τοῦτο
2600 930 2683 1008 δὲ
2735 936 2834 1006 si-
2936 948 2941 954 ’

611 1037 966 1136 gnificare,
1019 1036 1134 1106 vix
1186 1043 1401 1108 tamen
1454 1035 1533 1105 ab
1583 1036 1835 1106 lectore
1888 1036 1992 1106 vel
2044 1035 2341 1107 auditore
2395 1037 2589 1108 aliter
2640 1060 2833 1134 quam

611 1165 734 1238 pro
788 1138 1066 1210 articulo
1119 1137 1506 1233 accipietur,
1559 1136 1684 1207 hac
1735 1135 1996 1231 quidem
2044 1137 2113 1207 in
2164 1138 2639 1233 compositione
2679 1162 2834 1209 ver·-

616 1244 864 1313 borum.
969 1237 1163 1330 Quod
1228 1239 1285 1309 si
1335 1262 1697 1333 pronomen
1747 1237 2321 1309 demonstrativum
2376 1263 2524 1311 esse
2574 1237 2660 1312 τὸ
2715 1263 2832 1312 vo-

612 1343 847 1415 luisset
873 1340 1229 1430 Pindarus,
1283 1347 1461 1411 certe
1514 1338 1712 1410 credo
1759 1363 1902 1409 eum
1932 1367 2010 1411 τε
2052 1349 2207 1435 post
2249 1338 2446 1422 νέαις
2474 1340 2832 1413 addidisse.

614 1442 903 1517 Omnino
956 1449 1168 1513 autem
1237 1441 1346 1513 hic
1410 1465 1540 1512 non
1608 1448 1741 1511 tam
1807 1440 2382 1513 demonstrativum
2444 1467 2832 1540 pronomen,

615 1569 806 1642 quam
860 1542 1296 1616 &relativum
1330 1542 1862 1638 exspectabatur.
1968 1543 2116 1634 Quo
2168 1542 2410 1615 factum
2462 1551 2589 1635 est,
2639 1552 2716 1616 ut
2763 1544 2835 1616 in

613 1646 914 1744 plurimis
967 1643 1161 1717 codd.
1212 1644 1474 1739 legatur
1521 1640 1608 1715 τὸ
1661 1637 1796 1738 δή,
1866 1644 2037 1739 quod
2106 1651 2321 1716 tamen
2373 1669 2413 1716 a
2462 1656 2670 1717 metro
2723 1670 2837 1717 rc-

610 1747 943 1845 pudiatur.
1062 1745 1437 1817 Relativum
1504 1752 1866 1841 pronomen
1927 1747 2233 1843 legerunt
2296 1747 2491 1818 etiam
2545 1747 2837 1822 scholia-

615 1858 784 1939 stae,
838 1849 949 1945 qui
1000 1870 1120 1943 per
1171 1843 1345 1942 ὅπερ
1395 1847 1934 1942 interpretantur.
2035 1846 2317 1919 Accedit
2360 1848 2564 1920 aliud.
2664 1847 2835 1921 Nam

616 1950 773 2047 quid
823 1957 927 2020 est
977 1947 1152 2043 quod
1201 1946 1598 2039 Pindarum,
1681 1972 1874 2043 quem
1945 1949 2109 2020 alias
2176 1974 2424 2020 summa
2494 1950 2839 2046 diligentia

616 2075 881 2125 curasse
932 2049 1250 2140 videmuS,
1304 2056 1378 2121 ut
1426 2049 1819 2145 syllabarum
1871 2063 2233 2121 mensurae
2263 2052 2390 2122 sibi
2441 2059 2673 2124 exacte
2723 2075 2838 2123 re·

617 2153 1055 2250 sponderent,
1122 2152 1194 2222 in
1244 2150 1374 2224 hoc
1423 2175 1620 2223 versu
1669 2157 1803 2223 tam
1853 2142 2292 2248 negligentem
2345 2153 2551 2224 fuisse
2604 2152 2837 2249 depre-
2888 2167 2894 2173 ’

616 2254 985 2344 hendimus,
1036 2261 1112 2325 ut
1163 2277 1311 2325 eum
1362 2263 1429 2327 et
1480 2277 1518 2324 a
1571 2253 1883 2325 trochaeo
1937 2262 2006 2325 et
2055 2278 2095 2325 a
2145 2254 2436 2351 spondeo
2487 2254 2837 2352 inciperet,

619 2357 810 2452 eique
874 2355 1031 2453 pedi
1090 2361 1159 2426 et
1209 2352 1534 2451 dactylum
1603 2363 1672 2426 et
1734 2356 2390 2452 proceleusmaticum
2456 2356 2837 2446 subiiceret,
2925 2382 2931 2388 ’

619 2458 814 2556 idque
877 2482 1010 2531 non
1066 2478 1299 2529 caussa
1350 2458 1570 2554 aliqua
1620 2455 1895 2548 idonea,
1970 2457 2089 2529 sed
2151 2459 2345 2553 plane
2404 2466 2669 2554 praeter
2716 2483 2839 2529 ne·-

621 2550 1050 2633 cessitatem?
1148 2556 1234 2628 Id
1285 2559 1445 2629 mihi
1495 2558 1757 2653 quidem
1809 2584 2005 2655 quum
2056 2560 2316 2632 omnino
2367 2584 2501 2631 non
2556 2560 2692 2632 veri
2744 2561 2841 2631 si·-

624 2661 776 2732 mile
829 2658 1126 2748 videtur,
1177 2665 1313 2728 tum
1366 2682 1445 2731 eo
1497 2658 1750 2748 minnS,
1819 2657 1994 2755 quod
2043 2660 2111 2730 in
2161 2661 2496 2757 plerisque
2548 2662 2839 2758 strophis

626 2784 744 2856 per
792 2759 1059 2832 criticos
1112 2758 1390 2852 expulsa
1454 2768 1559 2829 est
1619 2758 1793 2829 iusta
1857 2783 2185 2833 mensura.
2304 2760 2570 2834 Gertam
2636 2764 2840 2835 habe-

623 2886 765 2933 mus
814 2858 1010 2932 metri
1060 2881 1349 2930 normam
1397 2859 1468 2930 in
1520 2859 1808 2931 secunda
1859 2861 2268 2959 antistropha
2318 2872 2386 2940 et
2434 2864 2668 2937 tertia:
2808 2858 2823 2882 ⁹
2886 2869 2897 2876 “

825 3009 1024 3107 ὄφρα
1081 3007 1304 3103 Θέμιν
1352 3003 2100 3105 ἱερὰνΠυθῶνάὴτε
2149 3011 2276 3086 καὶ
2326 3011 2767 3112 ὀρθοδίκαν.

822 3116 1111 3201 Μοῖσα,
1163 3109 1248 3185 τὸ
1290 3109 1373 3185 δὲ
1407 3107 1602 3200 τεόν,
1654 3115 1719 3184 εἶ
1755 3115 2017 3211 μισθῷ
2055 3114 2459 3213 παρεχέμεν
2492 3116 2837 3192 συνέθευ.

623 3263 791 3338 Cum
841 3289 921 3336 ea
972 3270 1340 3361 congruunt
1376 3264 1614 3361 prima
1664 3266 1974 3362 stropha,
2049 3274 2117 3340 et
2182 3275 2480 3364 quartum
2532 3262 2840 3368 stropha-

501 3377 506 3392 “
625 3392 766 3444 rum
814 3390 980 3465 part

821 3513 1050 3613 ματρὶ
1080 3514 1282 3614 παρὰ
1316 3513 1613 3593 Μελίαν
1648 3515 1991 3615 χρυσέων
2017 3519 2089 3601 ἐς
2124 3518 2408 3596 ἄδυτον
2439 3516 2837 3620 τριπόδων.

822 3624 1002 3718 τῶνκ
1040 3615 1186 3718 γὰρ
1250 3615 1398 3692 ἇνὰ
1459 3615 1676 3694 πόλιν
1737 3617 2101 3718 εὑρίσκων
2161 3620 2256 3694 τὰ
2320 3623 2510 3715 μέσα
2558 3650 2847 3722 μακρο-,
2918 3703 2921 3706 ,

1924 3719 2135 3816 τὲρῳ.

823 3817 1174 3894 καλλίονα
1219 3816 1565 3896 θάνατον
1602 3878 1619 3893 .
1654 3877 1672 3893 .
1706 3819 2131 3922 γλυκυτάτᾳ
2179 3831 2417 3925 γενεᾷ.

626 3973 922 4065 Quorum
985 3997 1284 4045 versuum
1349 3975 1419 4045 in
1483 3974 1695 4070 primo
1748 3973 1904 4045 libri
1953 3970 2143 4071 πάρ,
2209 3976 2281 4047 in
2330 3977 2621 4049 secundo
2670 3960 2837 4050 unus

628 4074 841 4147 codex
892 4073 1029 4161 ἄν,
1102 4098 1267 4170 quae
1331 4085 1599 4172 recepta
1665 4082 1819 4147 sunt
1868 4099 1909 4147 a
1960 4077 2211 4150 criticis
2261 4078 2837 4151 inconsideratius.

625 4177 1028 4273 Repugnant
1092 4176 1248 4249 huic
1308 4201 1649 4249 mensurae
1727 4184 1865 4248 tres
1930 4179 2048 4249 alii
2123 4204 2391 4271 versuS,
2469 4204 2638 4253 nnus
2700 4182 2836 4273 hic,

627 4279 708 4350 de
774 4302 903 4450 qllllp
969 4276 1412 4374 disputamus,
1490 4277 1727 4351 deinde
1791 4278 1862 4350 in
1927 4281 2209 4353 secunda
2275 4282 2549 4379 stropha
2602 4283 2840 4357 tertia-

629 4405 754 4475 que
851 4405 915 4452 1:
1832 4397 1837 4408 “
2098 4399 2103 4404 ’
2451 4410 2459 4416 ·
