3192 4992
1071 383 1193 442 ‘DE
1243 380 1746 444 YHOBOAHI.
2445 385 2533 453 87

303 573 473 642 μης,
526 548 797 643 opinor,
870 554 984 619 aut
1035 546 1169 619 alio
1219 548 1319 619 rei
1369 547 1862 622 accommodato
1916 550 2237 623 vocabulo
2284 551 2532 627 dictum

304 656 507 720 esset.
608 647 832 721 Multo
899 648 1279 721 credibilius
1347 657 1450 720 est
1514 670 1642 721 nee
1705 674 1967 746 semper
2027 652 2096 724 in
2158 652 2387 725 eadem
2453 678 2531 727 re

302 756 629 820 versatum
682 774 830 821 esse
882 757 950 821 et
1001 749 1329 844 diversum
1380 749 1590 822 fuisse
1629 775 1752 846 pro
1790 751 2170 825 diversitate
2214 761 2527 847 aetatum,

299 873 508 946 eaque
558 851 707 946 ipsa
758 875 992 922 caussa
1043 851 1436 947 simpliciter
1481 848 1864 946 ὑποβολὴν
1913 878 2060 925 esse
2101 856 2527 950 appellatum.

271 948 444 1022 -Iam
496 975 696 1047 quum
744 950 991 1025 Graeci
1043 953 1401 1050 praecipuo
1455 952 1675 1024 studio
1729 952 1991 1025 dicendi
2040 962 2245 1026 artem
2299 957 2530 1028 colue-

296 1051 474 1144 rint,
528 1077 660 1124 non
710 1054 933 1151 inepte
986 1054 1296 1126 coniiciat
1323 1053 1537 1150 quis,
1603 1052 1682 1124 ad
1735 1053 1906 1126 hane
1955 1056 2366 1152 potissimum
2419 1080 2531 1128 ar-

296 1161 433 1225 tem
485 1153 626 1225 fere
676 1155 807 1226 ista
855 1155 1254 1250 pertinuisse
1307 1154 1694 1250 specimina,
1747 1154 2094 1252 iussosque
2131 1181 2278 1229 esse
2325 1157 2532 1230 disci-

295 1255 497 1351 pulos
531 1257 943 1352 propositum
973 1255 1238 1353 aliquod
1270 1257 1718 1352 argumentum
1755 1279 2118 1352 exponere,
2170 1258 2528 1353 narrando,

297 1355 673 1448 laudando,
744 1357 1291 1448 demonstrando,
1360 1356 1640 1452 denique
1708 1356 2001 1453 quoquo'
2019 1358 2214 1431 modo
2266 1367 2531 1455 pertra-

297 1457 569 1530 ctando.
673 1458 862 1550 Quae
926 1459 1098 1531 ratio
1163 1483 1353 1555 quum
1420 1459 1605 1528 varia
1655 1465 1873 1549 esset,
1942 1459 2387 1557 penderetque
2440 1485 2530 1534 ex

295 1558 578 1631 arbitrio
632 1559 963 1654 magistri,
1019 1584 1146 1631 non
1199 1568 1302 1631 est
1350 1558 1565 1656 ipsum
1621 1559 1922 1655 quodque
1975 1585 2183 1657 genus
2219 1562 2532 1659 specimi-

294 1660 431 1751 nis,
486 1660 606 1731 sed
656 1660 957 1732 universe
1009 1661 1385 1756 speciminis
1435 1660 1810 1757 propositio
1859 1663 2193 1733 nominata
2239 1664 2309 1733 in
2347 1662 2527 1735 Teio

294 1761 528 1833 titulo.
629 1759 710 1832 In
764 1785 892 1857 quo
960 1763 1019 1833 si
1068 1763 1243 1833 inter
1292 1760 1691 1833 adultiorum
1744 1763 2100 1834 certamina
2151 1773 2533 1866 numeratur

292 1859 633 1958 ὑποβολὴ
683 1857 1272 1950 ἂνταποὸόσεως,
1322 1871 1620 1960 apertum
1670 1871 1775 1935 est
1826 1871 2076 1936 certum
2119 1888 2327 1961 genus
2372 1890 2532 1962 spe-

151 2014 156 2022 -
296 1964 560 2035 ciminis
611 1962 971 2060 designari,
1023 1964 1196 2060 quod
1248 1988 1501 2062 genus,
1563 1964 1624 2037 si
1676 1959 2175 2048 ἀνταπόδοσις
2221 1974 2324 2039 est
2373 1991 2531 2064 par-

294 2065 463 2137 tium
511 2066 932 2162 permutatio,
986 2090 1262 2162 quanam
1314 2066 1466 2138 alia‘
1494 2066 1565 2142 in
1615 2089 1689 2137 re
1739 2069 2024 2162 positum
2077 2067 2282 2139 fuisse
2333 2076 2534 2165 puta-

294 2166 551 2258 bimus,
623 2190 814 2262 quam
863 2167 934 2240 in
986 2192 1108 2259 eo,
1174 2175 1251 2239 ut
1316 2167 1444 2240 duo
1513 2168 1970 2240 adolescentes
2032 2168 2139 2240 vel
2190 2168 2526 2265 disputare

294 2268 471 2340 inter
522 2292 638 2359 se,
703 2269 811 2339 vel
862 2268 1229 2341 contrarias
1280 2269 1640 2341 sententias
1689 2269 2124 2365 probabiliter
2174 2269 2531 2342 defendere

296 2362 735 2441 iuberentur?
832 2367 989 2442 Hoc
1038 2368 1261 2460 modo,
1312 2378 1388 2443 ut
1438 2393 1564 2464 ego
1604 2368 1864 2464 quidem
1910 2369 2220 2460 arbitror,
2275 2379 2343 2441 et
2366 2395 2532 2452 ‚cer-

295 2481 517 2544 tamen
568 2470 750 2542 istud
799 2495 933 2542 non
986 2464 1492 2544 ἀνταπόδοσιν
1540 2466 1938 2564 ὑποβολῆς,
1990 2469 2106 2541 sed
2145 2467 2536 2566 ὑποβολὴν

294 2565 871 2653 ἀνταποδόσεως
920 2571 1160 2644 dictum
1215 2595 1363 2643 esse
1415 2578 1730 2667 apparet,
1796 2579 1865 2642 et
1912 2571 2310 2668 intelligitur
2359 2573 2537 2646 bane

294 2667 871 2755 ἃνταποδόσεως
917 2670 1301 2768 ὑποβολὴν
1348 2671 1526 2743 aliud
1578 2669 1785 2743 fuisse
1838 2696 2030 2767 quam
2072 2696 2239 2767 quae
2266 2671 2536 2771 simpli-

293 2774 461 2845 citer
509 2771 849 2869 ὑποβολὴ
900 2772 1262 2865 dicebatur,
1315 2796 1504 2869 quam
1558 2773 1754 2844 simul
1804 2781 1988 2870 patet
2027 2782 2383 2871 propterea
2425 2775 2534 2849 sie

292 2875 588 2962 breviter
637 2876 1033 2972 appellatam
1086 2899 1260 2966 esse,
1314 2874 1492 2970 quia,
1545 2874 1606 2945 si
1655 2875 1851 2970 plene
1904 2873 2083 2946 dicta
2110 2886 2287 2949 esset
2337 2872 2533 2950 ἇπό-

294 2974 500 3059 ὃοσις
555 2973 948 3071 ὑποβολῆς,
1001 2976 1071 3047 id
1120 3001 1253 3049 non
1294 2976 1508 3048 solum
1550 2975 1784 3047 inutile
1819 2975 2081 3067 fuisset,
2135 2977 2311 3073 quod
2341 2974 2532 3051 ὑπο-

293 3075 477 3174 βολὴ
535 3077 681 3148 sine
734 3072 1083 3150 ἀποδόσει
1144 3078 1488 3173 imperium
1554 3084 1734 3148 esset
1786 3077 1892 3149 cui
1944 3101 2074 3148 non
2125 3078 2533 3174 obsequere-

295 3190 401 3253 tur
449 3177 825 3275 quisquam,
876 3178 994 3250 sed
1047 3178 1244 3250 etiam
1279 3177 1447 3250 falsa
1487 3177 1727 3250 fuisset
1770 3176 1905 3249 ista
1928 3178 2319 3274 appellatio,
2371 3181 2527 3276 quia

295 3282 490 3355 etiam
551 3274 1048 3365 ἀνταπόδοσις
1094 3277 1471 3377 ὑποβολῆς
1521 3287 1626 3353 est
1675 3276 2051 3377 ὑποβολῆς
2093 3274 2471 3365 ἀπόδοσις.
