3192 4992
704 332 812 434 DE³
846 332 1281 396 moenum
1321 334 1862 403 contemnam
1902 339 2195 405 Lmlcn.
2435 342 2569 411 m

307 501 314 508 ’
347 498 666 598 peculiari
714 497 1176 576 dissertatione
1229 508 1298 573 et
1346 524 1387 573 a
1434 523 1540 574 me
1575 503 1643 575 in
1675 501 1936 601 Opusc.
1969 507 2107 580 vol.
2135 505 2234 581 V.
2282 533 2356 608 pa
2390 497 2565 589 188.

346 626 472 678 nec
517 598 913 673 Plutarchus
963 600 1397 694 comoediam,
1450 603 1569 676 sed
1621 597 1833 700 ᾆσμα
1881 609 2165 700 vocavit,
2216 619 2287 685 et
2317 611 2563 687 Snidas

348 701 646 776 distinxit
695 725 736 773 a
785 702 1169 778 comoediis.
1281 702 1519 801 Itaque
1585 730 1711 779 nec
1776 706 1858 779 de
1924 708 2227 783 Anthene
2292 739 2419 787 uec
2476 715 2564 788 de

347 803 839 878 Timocreontis
905 803 1263 878 comoediis
1328 807 1557 901 lyricis
1624 808 1974 906 quidquam
2043 812 2407 888 testimonii
2460 824 2568 891 est

340 904 695 1002 prolatum.
1660 925 1665 930 ’

537 1003 693 1080 Nou
741 1004 975 1078 mirum
1027 1013 1155 1098 est,
1209 1007 1387 1103 quod
1433 1007 1851 1084 Hermannus
1893 1009 2118 1087 Vlrici
2162 1014 2236 1088 iu
2285 1015 2570 1091 histedu

338 1103 645 1182 Graecae
696 1106 921 1203 poesis
970 1105 1386 1184 Beeckhium
1449 1111 1691 1207 quique
1757 1136 1905 1186 cum
1967 1114 2088 1188 illo
2150 1116 2403 1192 facim
2450 1144 2569 1193 se-

337 1208 604 1305 quitur:
670 1208 839 1282 illud
887 1233 1047 1282 vero
1098 1210 1334 1282 miram
1385 1220 1529 1302 est,
1583 1212 1756 1308 qnod
1807 1214 1867 1287 is
1917 1239 1989 1312 p.
2038 1219 2215 1292 487.
2269 1220 2404 1293 vol.
2454 1219 2563 1295 Π.

334 1310 683 1405 neglectos
735 1308 898 1410 dicit
927 1310 1395 1408 Aristophanis
1448 1337 1677 1386 versus
1727 1315 1905 1411 apud
1933 1317 2340 1393 Athenaeum
2376 1322 2563 1396 XII.

334 1434 408 1508 p.
463 1407 641 1487 551.
694 1409 779 1483 C.
842 1412 915 1484 iu
980 1413 1214 1508 quibus
1285 1438 1478 1509 quam
1546 1417 1969 1512 tragoediae,
2042 1420 2230 1493 chori
2292 1425 2559 1521 tragici,

336 1511 529 1584 chori
578 1511 813 1608 cyclici
864 1515 1368 1610 coniungantur,
1422 1526 1721 1613 apertum
1770 1542 1962 1612 esse,
2015 1521 2278 1619 singula
2324 1525 2562 1599 horum

333 1614 702 1711 peculiaria
752 1638 998 1709 genera
1058 1624 1430 1712 poematum
1493 1618 1727 1691 fuisse.
1841 1618 1926 1695 Si
1974 1624 2365 1699 novissimas
2416 1627 2564 1700 edi-

335 1715 557 1790 tiones
604 1714 932 1790 Athenaei
981 1716 1422 1813 inspexisset,
1494 1720 1791 1802 sublatos
1857 1722 2134 1796 vidisset
2179 1723 2565 1822 tragoedos,

336 1814 769 1912 debebatque,
821 1817 893 1888 ni
922 1816 1272 1892 Bentleius
1315 1819 1616 1914 fecisset,
1665 1823 1814 1919 ipse
1864 1825 2132 1899 tollere.
2233 1825 2363 1903 Sic
2384 1831 2564 1903 enim

337 1917 610 2015 scripsit
657 1917 1142 2016 Aristophanes
1156 1946 1179 1992 ε

1142 2077 1406 2168 πρῶτα
1453 2068 1595 2169 μὲν
1646 2073 2106 2174 Σαννυρίων

639 2165 787 2242 ἀπὸ
849 2174 1008 2245 τῶν
1072 2171 1493 2276 τρυγῳδῶν
1511 2201 1530 2219 ·
1614 2174 1760 2249 ἀπὸ
1826 2174 1909 2251 δὲ
1972 2186 2129 2255 τῶν
2188 2188 2568 2283 τραγικῶν

741 2363 745 2368 ᾗ
938 2296 942 2301 ’
1646 2285 1906 2371 χορῶν
2484 2289 2491 2298 ’

640 2368 1018 2468 Μέλητος·
1073 2371 1221 2448 ἀπὸ
1273 2371 1356 2450 δὲ
1406 2381 1563 2452 τῶν
1611 2375 1936 2455 κυκλίων
1983 2376 2359 2476 Κινησίας.

540 2521 1003 2614 Quaesivimus
1071 2523 1288 2602 adbuc
1347 2527 1596 2604 frustra
1658 2509 1931 2625 lyricam
1995 2533 2403 2636 tragoediam
2451 2542 2569 2610 aut

333 2625 786 2717 comoediam,
851 2625 1052 2702 silere
1103 2628 1390 2724 repertis
1446 2630 1560 2726 qui
1609 2638 1817 2703 testes
1868 2642 2058 2706 erant
2106 2635 2323 2712 citati.
2374 2636 2568 2711 ‚Re-

329 2726 726 2822 linquantur
772 2722 1266 2822 inscriptiones,
1319 2745 1488 2820 quae
1537 2732 1598 2795 si
1649 2723 1853 2796 totius
1902 2723 2315 2819 antiquitatis
2363 2725 2568 2800 silen-

328 2828 498 2910 tium
566 2824 944 2899 refutabunt
957 2875 984 2916 ,
1056 2823 1325 2896 credere
1377 2848 1717 2919 cogemur.
1830 2821 2087 2899 Verum
2151 2833 2370 2899 tamen
2431 2851 2569 2901 nou

330 2929 590 3026 optima
638 2926 1019 3024 praesagire
1069 2925 1252 2998 iubet
1289 2926 1437 3021 ipsa
1471 2924 1851 3021 disputandi
1882 2926 2082 3017 ratio,
2134 2928 2378 3024 quippe
2405 2953 2572 3025 pro·-

329 3029 519 3104 fecta
568 3029 651 3102 ab
701 3053 809 3119 eo,
860 3035 936 3099 ut
986 3025 1250 3100 aliunde
1301 3026 1760 3100 ostenderetur
1809 3027 2149 3100 exstitisse
2200 3030 2364 3101 talia
2414 3054 2569 3103 car-
2646 3109 2657 3118 Ἀ

331 3132 546 3222 mina,
600 3155 729 3226 quo
780 3127 1095 3205 memoria
1138 3151 1363 3202 eornm
1406 3127 1690 3202 inveniri
1730 3128 1800 3200 in
1832 3127 2373 3226 inscriptionibus
2403 3156 2570 3228 pos-

336 3241 506 3305 set.-
575 3231 784 3329 Atqui
834 3238 1027 3304 extra
1073 3230 1539 3326 inscriptiones
1589 3254 1722 3303 nou
1773 3239 2076 3325 repertae
2126 3230 2227 3303 rei
2269 3230 2385 3303 vix
2417 3256 2570 3305 cre-

338 3334 549 3407 dibile
602 3343 705 3405 est
754 3331 1061 3427 exempla
1108 3331 1180 3402 iu
1227 3331 1768 3427 inscriptionibus
1817 3330 2151 3404 inventum
2199 3330 2314 3404 iri.

550 3432 776 3506 Prima
824 3444 928 3506 est
957 3430 1402 3508 Orchomenia
1445 3433 1515 3503 in
1552 3431 1853 3528 Corpore
1881 3430 2202 3528 Inscript.
2242 3458 2312 3506 n.
2346 3434 2570 3509 1584.

340 3537 414 3610 in
468 3559 601 3631 qua
629 3534 1149 3608 Charitesiorum
1198 3534 1484 3606 victores
1534 3533 1916 3606 nominatim
1968 3545 2429 3612 enumerantur
2457 3545 2570 3609 tu·-

341 3638 567 3728 bicen,
618 3660 886 3733 praeco,
937 3635 1329 3733 rhapsodns,
1381 3642 1580 3732 poeta
1613 3635 1866 3732 epicus,
1918 3636 2185 3727 tibicen,
2224 3638 2568 3732 auloedus,

345 3739 722 3829 citharista,
776 3737 1217 3829 citharoedus,
1270 3736 1654 3833 tragoedus„
1706 3736 2086 3829 comoedus,
2139 3745 2340 3835 poeta
2386 3748 2571 3838 saty-

346 3864 601 3931 rorum,
653 3838 928 3930 histrio,
968 3847 1170 3936 poeta
1196 3838 1707 3940 tragoediarum,
1761 3839 2022 3931 histrio,
2073 3847 2273 3937 poeta
2301 3865 2572 3918 conoe-
2715 3855 2726 3884 ¹

349 3941 632 4033 diarum,
684 3941 959 4033 histrio;
1006 3941 1165 4014 item
1201 3941 1485 4013 victores
1514 3938 2044 4032 Homoloiorum,
2066 3964 2448 4059 ‘puerorum
2473 3945 2667 4062 ti-l4

349 4042 665 4134 bicinam,
716 4067 1067 4139 puerorum
1116 4050 1642 4139 praecantorum,
1695 4043 1982 4115 virorum
2032 4042 2411 4135 tibicinum,
2462 4069 2567 4118 u-

352 4167 578 4217 rorum
626 4152 1168 4248 praecentorum,
1219 4142 1615 4240 tragoedus,
1683 4143 2036 4226 comoedus
2048 4198 2075 4233 ,
2144 4144 2228 4219 ob
2280 4146 2567 4241 epinicia

353 4245 851 4334 comoediarum,
888 4254 1112 4344 poeta.
1213 4243 1408 4320 Hanc
1456 4246 1752 4341 sequitur
1802 4245 2010 4322 altera
2048 4243 2394 4343 inscriptio
2425 4243 2569 4319 Or·-
2656 4245 2673 4267 “
2716 4239 2729 4248 ”

357 4346 727 4440 ohomenia,
775 4373 842 4423 n.
900 4349 1070 4423 158.
1124 4344 1657 4422 Charitesiorum·
1692 4349 1894 4424 hosce
1944 4348 2230 4424 victores
2274 4346 2562 4425 babense
