3192 4992
1043 383 1487 447 memes
1524 384 1888 448 mmmm.
2225 463 2231 469 κ
2379 399 2386 406 ·
2453 385 2588 456 aas
2663 351 2692 373 ”

278 543 291 550 ’
361 546 512 652 γὰρ
545 545 907 653 Ἀγρόλαν
969 549 1099 626 καὶ
1149 549 1534 648 Ὑπέρβιον
1582 607 1605 626 .
1627 593 1632 600 -
1657 605 1686 626 .
1731 607 1750 625 .
1804 608 1824 626 .
1875 549 2450 647 πυνθανόμενος
2495 552 2586 631 δὲ

366 652 626 736 οἵτινες
669 650 865 748 ἦσαν
876 708 903 743 ,
967 651 1193 728 οὐδὲν
1256 653 1435 727 ἄλλο
1480 648 1871 750 ἐδυνάμην
1917 656 2202 749 μαθεῖν
2261 651 2310 751 ἢ
2360 662 2584 731 Σικε-

366 752 537 837 λοὺς
595 751 683 827 τὸ
744 757 824 839 ἐξ
884 754 1116 853 ἀρχῆς
1176 755 1399 838 ὄντας
1458 756 1533 837 ἐς
1583 753 2084 850 Ἀκαρνανίαν
2130 763 2580 853 μετοικῆσαι.

364 853 795 929 Manifestam
852 858 925 929 in
984 858 1091 929 his
1152 857 1493 948 lacunam,
1561 857 1972 929 observatam
2022 856 2119 930 Ο.
2166 857 2461 932 Miillcro
2481 915 2492 926 .
2509 861 2588 934 iu

363 955 640 1030 Etrusc-
691 959 824 1032 vol.
875 958 940 1029 Ι.
990 984 1064 1055 Ρ.
1114 960 1242 1035 76.
1304 956 1684 1032 Fritzschio
1732 983 1807 1056 Ρ.
1861 961 1984 1035 16.
2034 958 2296 1034 Naekio
2345 986 2418 1060 p.
2452 964 2584 1038 61.

364 1058 495 1131 etsi
541 1083 674 1132 non
723 1060 885 1133 licet
934 1061 1208 1158 explere
1236 1056 1588 1134 Strabonis
1639 1061 2014 1133 narratione
2063 1060 2150 1133 de
2175 1061 2390 1159 Regis
2426 1063 2590 1136 villa

364 1157 462 1233 V.
511 1184 585 1257 Ρ.
619 1160 797 1236 225.
844 1163 1136 1258 pertinet
1184 1185 1266 1234 ea
1313 1169 1529 1234 tamen
1580 1160 1665 1234 ad
1714 1185 1857 1233 rem
1904 1162 2136 1235 istam:
2188 1162 2594 1263 ἱστορεῒταο

364 1257 451 1335 δὲ
498 1261 855 1362 γενέσθαι
913 1270 1139 1338 τοῦτο
1196 1258 1576 1359 βασίλειον
1626 1258 1913 1337 Μάλειο
1971 1269 2126 1337 τοῦ·
2159 1267 2592 1368 Πελασγοῦ.

366 1360 458 1437 ὅν
507 1385 696 1461 φασι
745 1361 1358 1439 δυναστεύσαντα
1407 1365 1492 1439 ἐν
1537 1367 1695 1447 τοῖς
1714 1359 1965 1448 τόποις
1986 1362 2174 1460 μετὰ
2211 1372 2372 1441 τῶν
2402 1390 2588 1442 συν-

367 1460 596 1539 οίκων
636 1469 1057 1569 Πελασγῶν
1104 1465 1463 1540 ἀπελθεῖν
1508 1462 1819 1540 ἐνθένδε
1865 1469 1968 1550 εἰς
2013 1462 2363 1563 Ἀθήνας.
2433 1466 2588 1562 Sic,

365 1560 657 1641 Μάλειο
702 1573 867 1656 τοῦ,
916 1592 1040 1665 pro
1074 1562 1542 1644 Μαλαιοότου
1590 1564 2006 1641 scribendum
2050 1569 2334 1663 videtur,
2398 1578 2468 1644 et
2513 1570 2589 1644 iu

364 1665 593 1764 Etym.
640 1668 750 1742 M.
801 1695 872 1767 p.
907 1672 1035 1761 62,
1088 1671 1162 1746 9.
1227 1664 1516 1743 Μάλεα»
1561 1674 1701 1742 τοῦ
1739 1671 2137 1766 Τυρρηνοῦ.
2237 1657 2590 1745 vidalinus

368 1768 452 1841 de
518 1793 598 1843 eo
662 1769 926 1844 homine
989 1771 1322 1844 Miillerus
1383 1772 1454 1843 in
1517 1769 1956 1845 Etruscorum
2020 1773 2157 1847 vol.
2206 1773 2271 1846 Ι.
2335 1798 2409 1871 Ρ.
2458 1776 2587 1848 88.

368 1893 513 1966 seq.
609 1870 722 1944 De
784 1873 890 1944 his
939 1871 1249 1969 Pelasgis
1311 1872 1486 1946 idem
1547 1873 1861 1946 disseruit
1919 1874 1988 1945 in
2041 1872 2463 1948 Orchomeno
2513 1899 2592 1972 Ρ.

367 1974 548 2048 437.
594 1996 784 2069 seqq.
834 1982 905 2047 et
949 1972 1351 2047 Niebuhrius
1399 1974 1471 2045 in
1523 1971 1864 2047 Historiae
1897 1975 2236 2049 Romanae
2287 1975 2397 2049 ed.
2446 1984 2592 2050 ter-

366 2073 464 2145 tia
512 2074 650 2146 vol.
699 2072 761 2148 Ι.
812 2100 893 2173 Ρ.
933 2079 1062 2151 47.
1113 2084 1431 2173 sequutus
1492 2075 1588 2147 ibi
1636 2076 1776 2149 fere
1828 2074 2206 2150 Gluvrrium
2265 2078 2336 2150 in
2387 2075 2592 2150 Italia

301 2265 305 2270 ,
367 2174 636 2271 antiqua
682 2200 755 2273 Ρ.
782 2178 997 2266 429.;
1049 2186 1282 2250 contra
1319 2176 1754 2250 Niebuhrium
1802 2186 2019 2252 autem
2066 2204 2201 2253 non
2232 2179 2596 2252 infeliciter

366 2275 730 2373 disputavit
777 2276 1194 2351 Fritzschius
1255 2279 1327 2351 in
1376 2279 1657 2370 Quaest-
1704 2279 2054 2375 Aristoph.
2087 2304 2202 2364 ,ea
2263 2281 2589 2372 oratioue,

371 2401 538 2474 quae
590 2377 677 2450 de
721 2378 1032 2476 Pelasgis
1084 2379 1456 2474 Tyrrhenis
1507 2388 1636 2451 est.
1738 2379 1880 2453 Sed
1944 2388 2012 2452 et
2061 2380 2158 2452 ibi
2206 2389 2275 2453 et
2320 2381 2392 2453 iu
2439 2379 2594 2453 Eu-

369 2479 700 2576 phrosyne
749 2505 822 2579 p.
875 2483 1000 2555 35.
1054 2479 1418 2554 dubitasset
1465 2480 1790 2573 fortasse,
1855 2504 1939 2554 an
1995 2482 2074 2553 hi
2137 2483 2269 2556 soli
2315 2480 2596 2579 Pelargi

370 2604 497 2678 pro
538 2580 869 2677 Pelasgis·
908 2582 1071 2655 dicti
1118 2591 1367 2673 essent,
1426 2583 1487 2655 si
1538 2583 1808 2678 cognita
1853 2573 2217 2676 habuisset,
2268 2593 2435 2680 quae
2469 2584 2598 2656 in-

373 2682 686 2778 geniosus
755 2683 1045 2780 scriptor
1106 2681 1592 2756 dissertationis
1672 2683 1754 2756 de
1818 2684 2188 2781 priscorum
2260 2683 2596 2758 Graeciae

204 2845 217 2860 ι
371 2783 737 2856 incolarum
786 2784 1154 2856 nominibus
1202 2785 1274 2855 in
1325 2781 1857 2881 cantabrigiensi
1886 2783 2131 2858 Museo
2179 2786 2598 2883 philologico

371 2883 573 2960 Faue.
606 2883 764 2959 ΙΙΙ.
815 2911 885 2983 Ρ.
937 2888 1114 2961 614.
1165 2910 1308 2981 seq.
1360 2887 1660 2983 scripsit.
1755 2884 1844 2957 In
1894 2885 2122 2959 eadem
2151 2886 2597 2985 ‘Euphrosyne

373 3010 447 3084 Ρ.
482 2989 608 3063 36.
658 2987 971 3060 memoria
1001 2986 1064 3059 F
1065 2988 1449 3059 ritzscliium
1498 2987 1765 3078 fefellit,
1819 3011 2015 3083 quum
2055 3012 2160 3060 me
2203 2989 2384 3061 aliud
2431 3013 2597 3086 pro-

374 3087 533 3161 bare
584 3088 757 3186 apud
805 3088 1249 3184 Phrynichum
1297 3113 1368 3185 Ρ.
1423 3090 1596 3164 109.
1650 3088 1852 3179 dixit,
1914 3112 2105 3185 quam
2157 3090 2333 3185 quod
2382 3090 2598 3162 veris·-
2681 3111 2732 3134 ‘-

376 3190 541 3262 sime
590 3189 907 3263 iudicavit
951 3188 1365 3262 Lobeckius.
1463 3189 1747 3263 Fuerint
1792 3190 1899 3262 illi
1957 3190 2166 3287 igitur
2211 3215 2345 3263 non
2390 3190 2640 3280 iidcm7

379 3291 493 3388 qni
541 3315 739 3389 qaum
801 3292 968 3365 alias
1016 3292 1325 3385 regiones
1377 3289 1744 3384 Graeciae,
1816 3300 1955 3364 tum
2002 3291 2355 3365 Dodonam
2401 3299 2596 3364 tene-

376 3392 560 3484 bant,
613 3393 731 3466 sed
781 3394 893 3490 qui
944 3394 1025 3464 ab
1072 3391 1400 3488 Dionysio
1450 3393 2026 3466 Halicarnassensi
2075 3392 2140 3465 Ι.
2186 3397 2309 3467 17.
2360 3391 2596 3465 dieun-

377 3503 492 3567 tur
539 3493 611 3567 οἱ
658 3490 1108 3589 τραπόμενοι
1167 3492 1351 3592 πρὸς
1408 3491 1584 3578 τοὺς
1643 3496 1725 3569 ἐν
1775 3489 2113 3589 Δωδώνῃ
2162 3500 2600 3569 κατοικοῦν--ι

380 3621 515 3677 τας
565 3601 783 3690 σφῶν
833 3600 1229 3697 συγγενεῖς,
1281 3593 1393 3679 οἷς
1441 3593 1683 3679 οὐδεὶς
1724 3593 1934 3692 ἠξίου
1982 3594 2350 3694 ἐπιφέρειν
2383 3589 2598 3669 πόλε-

379 3723 532 3795 μον
581 3693 683 3778 ὥς
729 3695 991 3793 isonis.-
1061 3722 1323 3796 semper
1383 3707 1599 3771 tamen
1664 3708 1734 3770 et
1780 3697 2055 3794 Pelasgi
2102 3705 2170 3770 et
2220 3696 2464 3769 diversi
2512 3697 2598 3769 ab

380 3798 937 3890 Atheniensibus,
1004 3822 1215 3896 neque
1265 3800 1707 3874 Athenienses
1753 3799 2030 3895 Pelasgi
2082 3823 2229 3871 esse
2279 3798 2600 3872 videbun-

381 3909 516 3974 tur.
616 3898 851 3997 Neque
900 3901 1075 3973 enim
1121 3910 1255 3973 tam
1304 3925 1603 3997 magnam
1650 3908 2138 4000 potentemque,
2192 3924 2383 3997 quam
2431 3900 2602 3974 Nie-

382 4003 617 4075 buhrio
670 4003 880 4074 visum
929 4009 1058 4094 est,
1111 4012 1372 4099 gentem
1414 4003 1848 4099 Pelasgorum
1904 4003 2135 4093 fuisse,
2185 4012 2452 4098 praeter
2497 4010 2599 4073 te-

385 4111 591 4178 statas
641 4104 1073 4201 scriptoribus
1124 4105 1549 4201 migrationes
1619 4106 1722 4176 vel
1784 4104 1968 4177 solae
2018 4102 2337 4176 Larissae
2400 4102 2600 4175 fidem

382 4205 654 4280 faciunt.
753 4204 921 4279 Nam
972 4207 1156 4279 urbis
1208 4207 1510 4303 capitalis
1558 4230 1795 4278 nomen
1844 4230 1977 4278 non
2013 4203 2416 4278 transferunt
2459 4202 2598 4275 alio

383 4306 516 4380 nisi
563 4308 781 4404 pulsi,
852 4319 969 4394 ant
1028 4308 1422 4405 longinquas
1485 4308 1556 4380 iu
1606 4315 1819 4380 terras
1869 4308 2169 4381 coloniae
2220 4304 2598 4380 condendae

386 4432 622 4484 caussa
669 4410 878 4484 missi.
979 4406 1469 4485 Enumerarunt
1506 4408 1760 4507 aliquot
1805 4407 2126 4484 Larissae
2174 4405 2419 4483 Strabo
2452 4404 2599 4482 IX.
2725 4409 2735 4415 ’
