3192 4992
691 371 816 439 132
1021 361 1032 386 ¹
1251 365 1842 428 nnnnnArwnns
1882 337 2357 430 rmumcm

577 571 584 579 ·
690 540 924 629 corti,
994 536 1564 636 &narniamque
1625 535 1704 608 ei
1760 558 1967 635 quae
2029 557 2180 636 quo
2388 543 2733 631 tempore
2779 528 2920 605 ad-

691 637 948 716 stabit.
1007 635 1282 726 Quod
1321 638 1398 711 si
1442 660 1625 735 opes
1674 643 2016 736 magnac
2063 559 2421 710 laam-em
2434 688 2456 724 ,
2522 637 2921 733 ingentem

669 740 884 817 ‘mihi
931 763 1317 839 pararem
1363 736 1703 836 famam.
1820 737 2109 811 Nestor
2168 750 2250 811 et
2291 734 2710 834 Sarpedon
2764 758 2922 832 per

693 854 911 917 vates
958 843 1456 914 inclaruere:
1534 865 1721 912 nam
1784 840 2034 912 virtus
2093 836 2570 913 carminibus
2619 834 2741 934 fit
2779 837 2919 907 im·

693 944 1092 1018 mortalis:
1165 938 1311 1014 aad
1354 942 1645 1037 paucis
1711 937 1805 1011 id
1860 942 2048 1013 licet
2090 942 2479 1041 consequi.
2584 936 2920 1030 Quemad-

692 1045 958 1119 modum
1019 1043 1126 1115 bis
1173 1041 1526 1139 postremis
1590 1049 1813 1113 monet
1860 1040 2223 1114 Hieronem
2271 1041 2640 1131 Pindarus,
2717 1046 2797 1112 nt
2839 1061 2915 1109 se

587 1209 588 1214 ,
696 1146 1081 1220 consoletur
1130 1142 1407 1239 opibus,
1477 1165 1601 1239 per
1663 1165 1826 1238 quas
1893 1167 2157 1239 operam
2227 1143 2384 1216 dare
2434 1142 2653 1239 possit
2700 1139 2920 1235 adipi-

696 1247 961 1321 scendis
1012 1244 1349 1336 victoriiS,
1402 1253 1862 1340 aeternamque
1912 1245 2040 1315 sibi
2087 1244 2325 1336 famam
2374 1251 2714 1339 poetarum
2764 1264 2919 1313 car-

694 1349 979 1422 minibus
1028 1370 1290 1443 parare,
1345 1345 1444 1417 sic
1492 1346 1562 1416 in
1613 1352 1756 1416 toto
1809 1346 2095 1417 carmine
2146 1346 2311 1417 nihil
2362 1354 2505 1435 est,
2557 1341 2734 1439 quod
2782 1366 2919 1414 non

696 1449 783 1521 ad
835 1449 1352 1522 consolationem
1401 1443 1763 1519 referatur:
1827 1446 2074 1542 illeque
2122 1447 2269 1543 ipse
2316 1447 2387 1518 in
2418 1444 2772 1518 Coronidis
2810 1443 2920 1514 fa·
3024 1511 3031 1522 ,

559 1589 564 1596 ’
695 1552 852 1623 bula
898 1551 1115 1642 locus,
1168 1550 1355 1621 cuius
1407 1571 1608 1644 supra
1657 1547 1833 1619 facta
1883 1556 1986 1618 est
2034 1550 2307 1639 mentio,
2357 1573 2491 1620 non
2539 1546 2733 1619 modo
2783 1570 2918 1616 non

697 1652 784 1724 ad
832 1653 1059 1749 regiae
1110 1650 1287 1724 sedis
1340 1650 1909 1722 commutationem
1958 1649 2313 1721 trahendus
2364 1649 2730 1738 videbitur,
2797 1646 2919 1718 sed

695 1754 1005 1826 liberabit
1069 1752 1267 1825 etiam
1316 1749 1677 1822 Pindarum
1728 1750 1923 1847 culpa
1936 1801 1962 1842 ,
2036 1774 2202 1846 quae
2266 1751 2463 1823 aliter
2522 1751 2637 1821 vix
2699 1749 2782 1840 ab
2833 1773 2917 1819 eo

695 1855 908 1927 averti
955 1859 1209 1952 posset,
1264 1851 1439 1949 quod
1488 1852 1631 1923 sine
1683 1875 1917 1923 caussa
1967 1875 2008 1922 a
2058 1850 2390 1925 Coronide
2441 1875 2664 1924 ansam
2712 1873 2920 1946 cepe-

694 1957 788 2027 rit
836 1955 919 2027 ad
969 1977 1239 2052 gravem
1287 1954 1835 2050 vituperationem
1886 1953 2324 2049 digrediendi,
2379 1979 2571 2051 quum
2605 1952 2879 2050 scripsit
2892 1977 2914 2022 ε

2262 2100 2450 2177 ἀλλά
2498 2131 2615 2177 τοι

898 2208 1129 2305 ἤρατο
1178 2213 1337 2282 τῶν
1385 2202 1792 2293 ἀπεόντων,
1845 2201 1968 2279 οἶα
2016 2202 2143 2281 καὶ
2189 2205 2443 2280 πολλοι
2489 2202 2784 2280 πάθον·

898 2311 1052 2384 ε’στι
1103 2307 1185 2383 δὲ
1238 2315 1480 2435 φῦλον
1529 2336 1637 2385 εν
1664 2304 2134 2436 ἀνθρωποισι
2183 2302 2715 2435 ματαιότατον,

899 2439 1087 2493 οςτις
1138 2406 1519 2505 αἰσχύνων
1568 2404 1922 2506 ἐπιχώρια
1970 2407 2361 2485 παπταίνει
2407 2438 2503 2483 τα
2551 2403 2837 2509 πόρσω,

895 2507 1330 2608 μεταμώνια
1363 2508 1731 2609 θηρεύων
1779 2507 2171 2610 ἀκράντοις
2219 2509 2520 2587 ἐλπίσιν.

694 2664 896 2735 Patet
945 2663 1119 2733 enim
1170 2662 1467 2759 asperius
1516 2661 1683 2733 haee
1735 2661 1914 2733 dicta
1963 2687 2152 2754 esse,
2227 2687 2418 2760 quam
2485 2671 2559 2735 ut
2607 2661 2694 2734 ad
2740 2661 2914 2735 Hie-

694 2787 924 2837 ronem
973 2761 1210 2833 referri
1259 2761 1553 2858 possint:
1623 2762 1742 2833 sed
1793 2763 1971 2835 dicta
2021 2772 2175 2836 sunt
2214 2765 2577 2863 aptissime,
2630 2764 2692 2835 si
2724 2765 2915 2861 cogi-

693 2874 946 2955 tamus,
1029 2862 1204 2960 quod
1237 2865 1533 2935 “maxime
1598 2863 1740 2934 veri
1806 2864 2021 2936 simile
2078 2873 2218 2957 est,
2290 2867 2535 2938 amicos
2597 2866 2912 2963 quosdam
2992 2872 2996 2875 ⁴

643 2963 1012 3040 Gllierouis
1027 3017 1052 3056 ,
1122 2965 1424 3061 quoniam
1490 2964 1604 3061 qui
1653 2962 2005 3060 Syracusis
2071 2977 2259 3041 eraut
2319 2968 2559 3040 medici
2619 2968 2913 3040 morbum

694 3067 937 3141 calculi
988 3090 1219 3149 sanare
1270 3091 1400 3138 non
1449 3074 1750 3163 possent,
1804 3069 2092 3141 suasisse
2142 3077 2218 3141 ιιι
2266 3093 2307 3140 a
2351 3070 2726 3187 peregrinis
2769 3094 2914 3141 me-

694 3169 863 3242 dicis
905 3168 1231 3240 auxilium
1263 3176 1626 3264 peteretur,
1676 3168 1875 3266 idque
1919 3172 2264 3244 consilium
2309 3171 2719 3268 vituperasse
2744 3169 2915 3242 Pin-

694 3272 950 3362 darum,
1003 3269 1456 3341 defendentem
1503 3270 1662 3342 illos
1713 3294 1888 3367 qnos·
1932 3272 2327 3346 domesticos
2376 3273 2651 3345 baberet
2695 3272 2912 3345 Hiero
2946 3355 2950 3360 ,

691 3373 1009 3445 medicos.

774 3505 778 3514 ·
895 3470 979 3544 In
1015 3473 1178 3572 ipso
1230 3471 1515 3545 carmine
1577 3413 1846 3570 praeter
1904 3474 2114 3566 illud,
2183 3474 2358 3572 quod
2405 3474 2866 3549 Boeckbius
2842 3500 2915 3548 m

691 3575 1240 3674 commentatione
1306 3574 1540 3646 critica
1601 3598 1670 3646 v.
1722 3577 1849 3651 36.
1914 3599 2004 3647 ex
2067 3578 2333 3674 optimis
2394 3578 2584 3650 libris
2647 3577 2914 3650 restitui

693 3676 929 3769 iussit,
999 3661 1280 3750 πολλὰν
1328 3671 1438 3762 δ’,
1508 3675 1684 3772 quod
1734 3675 1996 3750 omnino
2046 3679 2488 3751 necessarium
2538 3686 2642 3751 est
2658 3728 2684 3771 ,
2759 3679 2912 3775 quia

694 3778 864 3851 haec
909 3777 1134 3870 verba,
1182 3773 1461 3851 πολλὰν
1509 3775 1582 3851 δ’
1644 3776 1798 3876 όρει
1845 3783 1994 3874 πῦρ
2045 3781 2123 3863 ἐξ
2152 3778 2316 3861 ενὸς
2347 3778 2762 3877 σπέρματος
2793 3782 2916 3855 εν-

695 3875 941 3975 θορὸν
988 3878 1353 3958 ἀΐστωσεν
1397 3876 1615 3967 ὕλαν,
1679 3880 2124 3976 metaphorice
2176 3881 2353 3954 dieta
2401 3890 2554 3954 sunt
2565 3933 2591 3974 ,
2656 3889 2914 3955 restant

698 3982 898 4053 etiam
947 3981 1079 4052 alia
1126 3980 1477 4073 nonnulla,
1529 3980 1613 4052 de
1665 3981 1897 4077 quibus
1945 3983 2333 4055 monendum
2382 3984 2708 4056 videatur.
2807 3983 2915 4056 Ac

699 4082 911 4179 primo
959 4106 1094 4155 non
1140 4082 1350 4179 magis
1402 4105 1594 4178 qnam
1622 4082 2114 4156 Buttmannus
2091 4109 2162 4155 ιιι
2192 4086 2616 4212 grammatica
2644 4083 2914 4159 Graeca

700 4182 807 4256 ΙΙ.
838 4209 942 4311 p.
1007 4186 1181 4258 207.
1253 4183 1582 4276 adducor,
1668 4192 1745 4257 ut
1810 4208 1878 4255 v.
1930 4189 2055 4260 28.
2129 4181 2401 4305 γνώμα
2461 4183 2716 4261 πιθών
2785 4211 2909 4284 pro

701 4278 994 4385 γνωμα
1018 4280 1426 4380 πιθόμενος
1490 4284 1736 4360 dictum
1799 4286 2086 4360 credam.
2198 4286 2400 4360 Libri
2461 4289 2761 4386 plerique
2828 4311 2910 4359 eo

703 4390 853 4459 loeo
902 4384 1246 4461 πεπιθὼν
1294 4387 1558 4479 habent,
1612 4386 1787 4484 quod
1835 4389 2099 4484 passive
2150 4388 2391 4463 dietum
2421 4390 2679 4514 putavit
2709 4390 2908 4464 sebo·
3003 4419 3008 4425 ·
