3192 4992
1103 343 1291 405 mus
1332 341 1764 406 Pos'rnmou.
2347 421 2352 428 ,
2415 341 2536 413 ml

524 509 782 593 κέλσας
828 507 943 584 ἐπ’
1002 507 1233 594 ἀκτὰς
1272 505 1703 608 ναυπόρους
1747 507 1884 594 τὰς
1931 507 2354 601 Παλλάδος,

523 615 597 697 ἐς
640 607 865 708 τήνδε
912 615 1143 712 γαῖαν
1187 606 1377 708 ἦλθε
1427 616 1891 709 Παρνησσοῦ
1933 612 2026 686 θ’
2085 611 2171 688 ἕδ
2171 642 2326 711 ρας.

521 712 890 809 πέμπουσι
940 711 1034 787 δ’
1075 710 1308 789 αυτὸν
1353 710 1507 788 και
1528 712 1957 813 σεβίζουσιν
2002 713 2195 816 μέγα

402 816 419 822 ’
520 812 1031 890 κελευθοποιοὶ
1079 812 1336 897 παῖδες
1373 814 1814 912 Ἡφαίστου,
1856 811 2116 911 χθόνα

522 912 899 1043 ἀνήμερον
945 914 1278 998 τιθέντες
1315 914 1821 1013 ἡμερωμένην.

520 1013 850 1113 μολόντα
899 1015 973 1090 δ’
1034 1017 1266 1091 αὑτὸν
1312 1014 1552 1115 κάρτα
1602 1019 1955 1147 τιμαλφεῖ
1998 1012 2199 1106 λεώς,
2425 1075 2435 1082 .
2542 1015 2594 1091 5

521 1114 811 1216 Δελφός
854 1147 935 1191 τε
976 1146 1232 1215 χωρας
1275 1117 1486 1215 τῆςδε
1535 1115 1963 1216 πρυμνήτης
2010 1118 2240 1204 α’ναξ.

519 1219 776 1316 τέχνης
824 1218 916 1294 ὃ
874 1248 907 1293 ε
954 1246 1080 1295 νιν
1128 1217 1319 1302 Ζευς
1364 1221 1635 1295 ε’νθεον
1680 1218 1937 1303 κτίσας
1984 1220 2225 1318 φρένα

519 1319 657 1411 ἵζει
703 1320 1058 1451 τέταρτον
1102 1317 1322 1396 τόνδε
1367 1317 1646 1417 μάντιν
1693 1324 1777 1396 ἐν
1823 1317 2168 1451 θρόνοις·

522 1421 703 1505 Διὸς
747 1419 1128 1521 προφήτης
1181 1420 1257 1497 δ’
1314 1421 1470 1497 ἐστι
1516 1421 1798 1507 Λοξίας
1843 1418 2142 1522 πατρός.

473 1555 739 1686 Similia
787 1558 1060 1630 tradidit
1107 1555 1472 1631 Pausanias
1523 1559 1628 1632 Χ.
1681 1558 1770 1651 5,
1838 1558 1914 1633 5.
1970 1554 2176 1686 φασὶ
2234 1554 2383 1685 γὰρ
2447 1554 2546 1631 τὰ
2673 1499 2710 1584 '-

317 1654 779 1786 ἀρχαιότατα
806 1663 958 1754 Γῆς
1007 1656 1195 1734 εἶναι
1242 1655 1329 1732 τὸ
1372 1654 1823 1757 χρηστήριον
1868 1656 1995 1734 καὶ
2021 1657 2381 1757 Δαφνίδα
2422 1657 2536 1733 ἐπ’

319 1760 530 1857 αυτῷ
582 1753 943 1855 τεταχθαι
990 1756 1408 1857 πρόμαντιν
1455 1759 1603 1835 ὑπὸ
1653 1768 1782 1855 τῆς
1815 1766 1998 1858 Γῆς·
2051 1758 2241 1836 εἶναι
2290 1758 2373 1836 δὲ
2409 1759 2547 1836 αὗ-

314 1859 460 1958 τὴν
508 1867 664 1936 τῶν
711 1859 876 1959 περι
923 1859 1089 1935 ‘co’
1063 1863 1232 1955 όρος
1278 1870 1631 1961 νυμφῶν.
1731 1861 1850 1934 Ex
1902 1887 2029 1959 quo
2082 1864 2400 1935 mansisse
2440 1864 2547 1934 vi-

319 1963 553 2055 detur,
623 1969 698 2034 ut
758 1962 998 2034 femina
1061 1963 1288 2036 ederet
1339 1965 1633 2038 oracula.
1743 1963 1847 2037 Et
1897 1968 1982 2064 ξ.
2035 1966 2111 2041 6.
2156 1959 2410 2063 χρόνῳ
2461 1958 2546 2037 δε

234 2149 247 2160 ·
313 2060 1758 2293 ᾗῖτεὲἕνῐῃῖἷοζωῖᾖῶῗηέοὲξίῗΓ[δὲ
1775 2065 2384 2249 Ἰζέῗῖἑοωὲἑῗί
2398 2062 2548 2239 ³22:

367 2191 705 2355 ovowp‘
682 2261 1108 2341 Ἀπόλλωνα
1171 2263 1255 2341 δὲ
1305 2265 1509 2363 παρὰ
1565 2194 1875 2363 Θέμιὲος
1919 2267 2180 2361 λαβεῖν
2228 2195 2544 2364 &gosan

264 2437 273 2446 „
357 2378 510 2440 nter
559 2366 953 2439 Themidem
1003 2376 1071 2439 et
1117 2367 1499 2465 Apollinem
1549 2368 1919 2463 Aeschylus
1972 2367 2288 2441 Phoeben
2334 2369 2546 2441 inter-
2599 2403 2608 2415 ¹

313 2469 571 2587 posuit,
621 2476 696 2540 ut
747 2476 1121 2565 appareret,
1172 2469 1286 2565 qui
1333 2469 1582 2565 Apollo
1633 2470 1703 2541 in
1756 2469 2239 2566 possessionem
2291 2470 2546 2542 oraculi

319 2572 663 2643 venisset·
732 2571 843 2665 qui
893 2578 1107 2641 tamen
1158 2595 1287 2641 non
1341 2594 1428 2642 ex
1469 2570 1766 2662 Phoebe,
1823 2579 1895 2645 ut
1924 2570 2256 2665 Aeschylo
2293 2570 2548 2644 Hesio-

302 2672 472 2760 dum
527 2678 802 2767 sequuto
851 2672 1127 2768 placuit,
1182 2671 1264 2742 de
1317 2696 1444 2768 quo
1498 2697 1562 2743 v.
1599 2669 1857 2768 Opusc.
1914 2673 2042 2746 vol.
2079 2669 2214 2742 VI.
2265 2696 2338 2769 Ρ.
2369 2673 2547 2749 267.

317 2781 389 2846 et
432 2772 733 2846 Crameri
759 2771 1016 2845 Anecd.
1068 2770 1133 2844 Ι.
1185 2797 1255 2870 Ρ.
1305 2776 1483 2865 428,
1539 2775 1662 2850 26.
1717 2772 1835 2844 sed
1887 2771 2061 2869 quod
2102 2773 2362 2869 priscos
2392 2798 2548 2845 ora-

285 2875 455 2948 tculi
503 2875 844 2973 praesides
895 2873 1216 2971 fugasset,
1264 2874 1577 2947 Phoebus
1630 2881 1732 2947 est
1765 2875 2161 2972 appellatuS.
2261 2873 2546 2947 Themis

319 2975 623 3103 quidem,
678 2999 868 3071 quam
917 2975 986 3046 in
1036 2975 1432 3049 Prometheo
1483 2975 1854 3071 Aeschylus
1910 2999 1972 3046 v.
2024 2975 2200 3049 209.
2251 2981 2546 3051 πολλῶν

320 3072 722 3173 ὃνοματων
768 3073 1070 3174 μορφὴν
1118 3073 1304 3172 μίαν
1366 3076 1660 3148 eamdem
1724 3102 1870 3149 cum
1923 3075 2146 3147 Terra
2211 3099 2358 3149 csse
2422 3078 2543 3169 ait,

319 3202 401 3251 eo
469 3178 906 3252 existimanda
969 3186 1073 3249 est
1123 3177 1410 3249 Terram
1459 3178 1815 3296 excepisse
1858 3177 2028 3269 dici,
2101 3176 2275 3273 quod
2311 3170 2550 3272 θέμι-

322 3302 526 3369 στες,
580 3304 743 3376 quae
797 3286 948 3351 sunt
998 3279 1367 3371 dictiones,
1412 3289 1636 3352 essent
1683 3279 2197 3374 antiquissimae.
2300 3277 2546 3351 Caete-
2667 3363 2670 3368 ,

320 3406 466 3453 rum
520 3382 694 3477 quod
725 3380 903 3452 Delo
955 3381 1192 3452 relicta
1226 3379 1532 3477 Delphos
1584 3380 1801 3453 adisse
1834 3380 2212 3477 Apollinem
2234 3379 2546 3476 ‚Aeschy-

320 3482 431 3553 lus
484 3482 683 3573 dicit,
751 3483 879 3553 etsi
928 3507 1060 3553 non
1111 3482 1355 3555 diserte
1406 3482 1656 3554 indicat
1703 3483 1925 3554 statim
1975 3490 2050 3553 ut
2099 3488 2291 3553 natus
2343 3482 2546 3555 fuerit
2634 3544 2644 3551 ,

322 3582 489 3655 illuc
538 3583 904 3701 profectum
957 3608 1128 3677 esse,
1182 3592 1395 3656 tamen
1449 3584 1726 3654 aliorum
1760 3583 2169 3654 narrationes
2197 3582 2293 3653 ita
2332 3583 2545 3654 inter-

322 3685 578 3780 pretari
625 3684 876 3756 iubent.
997 3684 1079 3756 In
1128 3687 1233 3757 his
1286 3693 1388 3757 cst
1435 3684 1838 3782 EuripideS,
1912 3684 2021 3780 qui
2072 3684 2160 3754 ἰιι
2191 3682 2544 3781 Iphigenia
2671 3719 2676 3728 ·

328 3785 625 3858 Taurica
679 3809 740 3857 v.
800 3788 1019 3861 1234.
1070 3786 1150 3858 de
1204 3786 1526 3875 dracone,
1578 3786 1691 3883 qui
1738 3784 1909 3857 illud
1953 3787 2306 3882 μαντεῖον
2344 3780 2543 3881 χθό-

325 3909 491 3962 νιον
543 3887 953 3982 custodierit,
1006 3889 1105 3961 sic
1155 3887 1460 3986 scripsit·

527 4023 633 4096 ε’τι
682 4049 831 4111 νιν,
882 4021 989 4096 ε’τι
1033 4022 1349 4149 βρέφος,
1411 4026 1516 4095 ετι
1565 4020 1786 4148 φίλας

528 4122 645 4198 επὶ
691 4122 1005 4221 ματέρος
1052 4119 1443 4224 ἆγκαλαισι
1487 4119 1869 4221 θρώσκων

528 4224 799 4315 ε’κανες,
851 4222 914 4299 ω
966 4226 1231 4323 Φοῖβε,
1280 4222 1654 4319 μαντείων
1703 4223 1777 4298 δ’
1836 4220 2100 4320 επέβας
2152 4219 2467 4312 ζαθέων.

316 4349 569 4432 ‘Pailllo
621 4361 816 4433 aliter
842 4361 1149 4457 Hyginus
1198 4360 1334 4432 fab.
1366 4364 1538 4436 14⁰.
1587 4358 1915 4457 Python,
1970 4358 2271 4432 Terrae
2293 4353 2540 4450 filius,
