3192 4992
725 342 827 404 DE
869 338 1304 402 TRAGoEmA
1345 338 1883 406 COMOEDIAQUE
1924 342 2218 405 LYch.
2449 341 2585 411 217.

361 518 439 586 ιιι
498 510 575 582 ah
623 491 838 582 Snida
898 507 970 579 in
1040 502 1301 588 Θέσπις
1361 511 1432 578 et
1494 503 1721 582 ουὸὲν
1762 503 1963 604 πρὸς
2020 505 2158 583 τὸν
2207 504 2580 587 Διόνυσον

362 620 432 685 et
456 608 755 687 Endocia
804 634 875 706 Ρ.
916 612 1094 684 232.
1144 607 1474 726 proditum
1516 616 1646 699 est,
1696 609 2002 682 inventor
2037 610 2398 683 habebatur
2438 621 2583 685 tm·-

263 734 272 744 ‘
360 704 690 810 goediaeP
791 710 1009 802 Quum
1071 710 1279 805 igitur
1342 733 1554 805 neque
1615 710 1729 806 qui
1792 710 1966 786 hunc
2016 710 2386 809 Epigenem
2440 738 2582 788 me·

358 820 716 903 mutarunt,
770 836 896 884 nec
945 811 1285 908 qnisquam
1336 811 1532 902 alius,
1587 812 1700 907 qni
1751 809 1833 883 de
1883 814 2265 908 tragoediae
2295 816 2584 911 primor-

358 915 484 988 diis
552 913 803 1009 aliquid
870 912 1081 1004 dixit,
1150 911 1345 984 aliter
1409 912 1790 1009 tragoediae
1852 935 2090 988 nomen
2139 918 2599 1012 usurpaverit,-

357 1040 552 1113 qnam
616 1023 692 1087 ιιι
743 1009 1164 1088 dramaticam
1229 1013 1677 1114 intelligeret,
1749 1013 2132 1088 Boeckhins
2145 1068 2171 1108 ,
2253 1027 2326 1090 ιιι
2375 1026 2585 1092 testes

68 1112 77 1124 '
207 1159 212 1166 -
354 1118 620 1214 aliquos
680 1116 958 1211 lyricae
990 1106 1370 1212 tragoediae
1434 1115 1744 1207 haberet,
1820 1113 1900 1188 de
1965 1117 2174 1213 lyrica
2235 1119 2393 1193 illos
2443 1129 2587 1193 tra·
2651 1197 2662 1216 Ι

354 1219 602 1316 goedia
655 1240 926 1290 narrare
980 1217 1202 1290 finxit.
1330 1216 1633 1313 Apparet
1697 1241 1786 1290 ex
1847 1217 1992 1309 his,
2071 1220 2323 1292 nullum
2387 1222 2585 1318 plane

354 1345 483 1419 pro
515 1320 761 1438 ‘lyrica
822 1319 1167 1416 tragoedia
1243 1318 1513 1390 allatum
1589 1343 1741 1392 esse
1819 1320 2289 1394 testimoninm.
2429 1321 2497 1395 N
2499 1345 2588 1395 on

354 1421 575 1518 magis
663 1418 962 1498 Ouestes
1052 1420 1121 1493 in
1211 1419 1497 1492 Anthol.
1571 1419 1729 1491 Pal.
1827 1422 1962 1493 vol.
2036 1420 2148 1495 ΙΙ.
2245 1448 2316 1520 Ρ.
2409 1426 2587 1499 328.

356 1524 582 1642 epigr.
656 1525 783 1642 32.
866 1522 948 1595 de
1025 1520 1365 1596 comoedia
1440 1521 1649 1617 lyrica
1714 1520 2027 1596 indicium
2102 1524 2302 1617 fecit,
2391 1549 2589 1622 quum

357 1625 674 1723 scripsit·
1111 1661 1117 1666 ·

442 1863 448 1868 ,
567 1783 886 1884 Μούσης
926 1786 1333 1916 νουθεσίην
1362 1787 1945 1919 φιλοπαίγμονος
1983 1789 2234 1891 εὕρετο
2268 1787 2588 1888 Βακχος)

767 1885 830 1963 ὦ
882 1886 1218 2017 Σιζευιόν,
1266 1893 1350 1967 ἐν
1401 1890 1519 1966 σοὶ
1564 1900 1825 2021 κῶμον
1874 1894 2103 2020 ἄγων
2126 1891 2518 2020 Χαρίτων·
2692 1971 2699 1974 ,

567 1988 662 2089 δὴ
709 1989 858 2118 γὰρ
907 1992 1204 2094 ἔλεγχον
1225 1993 1395 2122 ἔχει
1443 1990 2027 2122 γλυκερώτατον,
2078 1996 2159 2071 ἔν
2204 2023 2282 2069 τε
2329 1993 2590 2097 γελωτι

767 2121 1107 2221 κεντρον·
1158 2123 1272 2190 χω
1320 2091 1638 2192 μεθύων
1686 2094 1919 2173 ἀστὸν
1965 2092 2487 2196 ἐσωφρόνισεν.

571 2294 715 2371 Sed
765 2295 1098 2368 videamus
1151 2296 1307 2393 quid
1357 2323 1558 2394 porro
1605 2299 1838 2369 afferat
1868 2296 2278 2369 Boeckhius.
2376 2296 2593 2374 Prae·
2670 2332 2689 2340 -

359 2400 550 2473 clare
604 2396 853 2469 dixisse
905 2398 999 2469 ait
1027 2398 1427 2470 Aristoclem
1478 2400 1546 2471 in
1597 2400 1770 2470 libro
1818 2424 2009 2495 quem
2044 2391 2124 2471 de
2172 2400 2391 2473 choris
2422 2400 2594 2471 scri-

356 2501 503 2626 psit
572 2498 744 2595 apud
792 2497 1206 2571 Athenaeum
1254 2498 1468 2571 XIV.
1534 2526 1608 2597 Ρ.
1658 2502 1835 2576 630.
1889 2497 1973 2572 C.
2040 2495 2459 2596 συνεστήκει
2509 2497 2592 2574 δε

358 2599 496 2677 καὶ
552 2596 905 2694 σατυρικὴ
956 2605 1160 2678 πᾶσα
1209 2597 1491 2697 ποίησις
1538 2598 1627 2673 τὸ
1677 2597 1992 2675 παλαιὸν
2043 2628 2124 2676 εκ
2162 2607 2445 2698 χορῶν,
2495 2598 2598 2684 ὥς

357 2700 496 2778 καὶ
547 2698 594 2796 ἡ
644 2696 807 2772 τότε
856 2699 1272 2802 τραγῳδία·
1347 2698 1620 2797 διόπερ
1669 2698 1843 2775 οὐδε
1909 2698 2309 2796 ὑποκριτὰς
2371 2697 2592 2797 εἶχον.

301 2831 307 2838 ·
358 2803 853 2902 Repetivernnt
905 2803 1069 2875 haec
1095 2803 1430 2876 Aristocle
1482 2812 1778 2896 auctore,
1829 2802 2176 2876 Boeckhio
2229 2803 2420 2875 fidem
2464 2829 2601 2876 non

358 2908 673 3003 inspecto
723 2903 1067 2976 Athenaeo
1120 2904 1458 2997 habentes,
1512 2904 1951 2978 Thierschius
2001 2905 2070 2976 in
2099 2903 2597 2979 Introductione

361 3008 452 3081 ad
504 3004 871 3077 Pindarum
920 3029 990 3101 Ρ.
1048 3007 1218 3081 160.
1287 3016 1354 3078 et
1403 3006 1735 3078 Miillerus
1798 3006 1867 3077 in
1918 3004 2237 3078 Doriens.
2304 3007 2440 3078 vol.
2491 3005 2597 3078 II.

359 3136 438 3210 Ρ.
498 3109 678 3183 368.
732 3106 828 3178 Αι
875 3107 1007 3179 ista
1055 3130 1185 3178 non
1219 3107 1603 3200 Aristoclis,
1657 3106 1776 3180 sed
1808 3106 2134 3179 Athenaei
2176 3106 2373 3178 verba
2408 3114 2596 3180 sunt·

413 3210 615 3282 uibus
667 3233 862 3306 quum
913 3209 1132 3281 statim
1181 3207 1562 3292 Boeckhius
1614 3210 1953 3305 adiungat,
2006 3207 2181 3305 quod
2223 3207 2601 3305 Diogenem

362 3238 729 3387 {aenium
778 3309 921 3382 III.
975 3313 1100 3387 56.
1165 3334 1297 3382 ιιοιι
1363 3335 1519 3382 sane
1585 3335 1676 3382 ex
1743 3311 2014 3408 propria
2080 3310 2379 3383 doctrina
2435 3334 2603 3407 pro-

366 3436 559 3488 mere
612 3412 811 3484 dicit:
867 3410 1099 3539 ω’ςπερ
1152 3408 1234 3485 δὲ
1284 3409 1369 3484 τὸ
1420 3411 1736 3486 παλαιὸν
1771 3413 1853 3492 ἐν
1882 3418 1970 3506 τῇ
1998 3408 2382 3537 τραγῳδίᾳ
2417 3405 2603 3509 πρό-

367 3540 597 3610 τερον
661 3510 802 3608 μεν
847 3508 1076 3606 μόνος
1127 3510 1166 3585 ὅ
1208 3510 1435 3611 χορὸς
1484 3508 2086 3640 διεδραματιζεν,
2153 3511 2466 3608 ὕστερον
2516 3510 2600 3587 δε

380 3616 652 3697 Θέσπις
715 3614 847 3690 ἕνα
907 3612 1308 3742 υποκριτὴν
1371 3617 1660 3711 εξεῦρεν
1722 3611 1905 3712 ὑπερ
1967 3619 2104 3688 τοῦ
2153 3611 2606 3690 διαναπαύε-

375 3720 578 3794 σθαι
628 3712 761 3790 τὸν
806 3711 1082 3813 χορόνι
1150 3723 1400 3788 tantum
1451 3717 1638 3789 abest
1674 3726 1749 3788 ut
1792 3718 1912 3787 illa
1946 3716 2320 3788 testimonia
2354 3716 2604 3813 aliquid

377 3820 469 3893 ad
523 3818 968 3891 sustinendam
1019 3817 1160 3890 eius
1212 3818 1599 3890 sententiam
1650 3818 2013 3910 conferant,
2067 3840 2207 3888 eam
2260 3824 2333 3889 ut
2382 3819 2604 3945 potins

377 3922 678 3995 refutare
731 3920 1097 3992 videantur.
1198 3918 1369 3991 Nam
1418 3920 1584 3990 illud
1632 3921 1847 4039 ipsum
1904 3919 2163 3990 verbum
2206 3913 2709 4016 &adnotati-1

380 4022 609 4113 τιζεν,
662 4047 703 4095 a
754 4046 882 4118 quo
935 4022 1061 4094 sibi
1111 4021 1505 4119 praesidium
1556 4023 1726 4119 petit
1773 4020 2194 4111 Boeckhius,
2261 4045 2396 4092 nou
2442 4021 2611 4116 lyri-

383 4149 510 4197 cae
563 4125 897 4199 cuiusdam
948 4124 1369 4221 tragoediae,
1422 4122 1537 4195 sed
1590 4132 1906 4196 actuosae
1961 4129 2155 4219 atque
2208 4122 2603 4193 dramaticae
2744 4116 2757 4128 ”

383 4226 725 4299 notionem
773 4225 1069 4323 praehet.
1173 4224 1347 4316 Quid
1400 4225 1488 4297 sit
1539 4234 1755 4297 autem
1803 4222 1995 4315 illud,
2050 4221 2222 4320 qnod
2275 4232 2342 4294 et
2388 4220 2607 4293 Athe-

387 4350 597 4401 naeus
662 4334 731 4401 ct
777 4326 1120 4427 Diogenes
1184 4324 1409 4414 dicunt
1420 4376 1449 4419 ,
1515 4324 1890 4402 declaratur
1940 4323 2323 4399 Aristotelis
2388 4323 2605 4397 verbis
