3192 4992
936 343 1530 414 EMENDATIONBS
1568 347 2604 450 PmnAchE.137

377 521 442 598 is
491 512 856 618 φάρμακα
908 515 1223 613 scriptum
1273 514 1543 612 legerit,
1596 539 1679 588 ac
1727 539 1860 589 non
1910 515 2161 614 potius,
2212 517 2386 613 quod
2435 517 2606 591 nihil

378 619 753 695 huiusmodi
813 618 1103 747 positum
1167 640 1208 688 a
1268 614 1562 691 Pindaro
1628 617 1923 710 videret,
1991 617 2140 717 ipse
2204 618 2373 691 illud
2433 616 2608 695 τινὰ

381 719 565 819 πρὸς
611 715 1054 846 θεραπείαν
1073 717 1417 792 adiecerit.
1516 717 1844 816 Apertum
1881 727 1986 792 est
2021 720 2219 810 enim,
2270 745 2404 793 non
2440 729 2606 841 opus

381 824 588 1001 fluissie
654 822 879 898 addito
942 813 1329 920 φάρμακα.
1475 819 1657 913 Quid
1716 820 1962 918 igitur,
2047 822 2110 893 si
2177 822 2278 895 sic
2341 822 2611 921 scripsit

444 951 516 998 ιιι
561 949 755 1002 arusz

588 1071 765 1158 τοὺς
811 1070 895 1148 δὲ
927 1098 1293 1173 προςανεα
1323 1069 1701 1161 πίνοντας,
1748 1066 1798 1167 ἢ
1823 1067 2063 1214 ἴξίοις
2090 1070 2255 1174 πέρι
2298 1071 2409 1177 Ι“
2356 1100 2616 1150 amtor

1703 1200 1853 1248 τινι

592 1271 956 1365 admo-92,
1004 1270 1180 1357 τοὺς
1229 1271 1313 1348 δὲ
1360 1277 1625 1370 τομαῖς
1669 1177 2060 1352 εστασεξν’
2025 1271 2328 1376 ὀρθούς.

394 1424 787 1516 Homnae,
838 1435 914 1500 ut
962 1426 1292 1524 ἄντροθε
1340 1423 1541 1523 Pyth.
1573 1424 1714 1500 IV.
1770 1431 1942 1504 102.
1991 1425 2331 1524 ματρόθε
2376 1427 2619 1503 Isthm-

392 1531 541 1606 III.
596 1535 720 1607 17.
819 1527 931 1602 Ita
993 1528 1105 1601 hic
1168 1552 1425 1626 quoque
1490 1552 1722 1602 versus
1786 1539 1856 1602 et
1913 1530 2306 1604 incisionem
2354 1531 2621 1606 habehit

398 1659 540 1707 eam
559 1686 584 1725 ,
658 1656 850 1730 quam
900 1629 1184 1722 caeteri,
1258 1638 1326 1702 et
1389 1630 1653 1702 brevem
1716 1641 1869 1705 ante
1920 1633 2217 1705 ultimum
2265 1634 2619 1706 membrum

399 1735 742 1832 syllabam,
791 1740 868 1804 ut
914 1731 1165 1829 primus
1215 1738 1411 1827 atque
1455 1732 1751 1806 ultimus.
1853 1730 1997 1808 Sed
2029 1759 2161 1807 uon
2191 1745 2625 1832 praetercun-

400 1837 525 1910 dus
576 1844 680 1908 est
703 1831 992 1931 quintae
1043 1833 1356 1930 strophae
1407 1857 1677 1927 versus,
1741 1834 1813 1906 ιιι
1865 1836 1992 1932 quo
2043 1836 2173 1908 etsi
2220 1860 2357 1910 non
2392 1837 2628 1934 negle-

401 1947 513 2013 cta
561 1943 666 2009 est
713 1935 978 2026 incisio,
1028 1941 1248 2008 tamen
1298 1958 1424 2008 nec
1471 1960 1596 2033 per
1646 1960 1789 2009 eam
1839 1938 2039 2009 avelli
2087 1965 2173 2039 γε
2222 1938 2303 2009 ab
2338 1962 2458 2010 suo
2499 1964 2628 2010 no·-

399 2039 575 2112 mine
629 2038 929 2127 debebat,
981 2060 1106 2110 nec
1154 2060 1278 2134 per
1327 2061 1401 2109 se
1449 2045 1643 2134 grata
1692 2046 1795 2111 εει
1843 2038 2192 2136 productio
2232 2039 2427 2113 huius
2471 2053 2648 2136 par-

399 2141 648 2215 ticulae
710 2139 782 2211 iu
844 2138 967 2211 tali
1027 2139 1184 2212 loco
1249 2138 1469 2211 metri.
1572 2138 1794 2232 Quare
1857 2142 2163 2260 suspicor
2209 2139 2632 2240 λευκωλένῳ

403 2242 477 2345 7³
539 2235 642 2316 αὗ
689 2236 879 2323 Ζεὺς
928 2237 1168 2339 πατὴρ
1221 2264 1369 2313 εεεε
1422 2264 1463 2312 a
1510 2238 1803 2314 Pindaro
1856 2243 2196 2339 scriptum.

608 2342 829 2415 Attuli
877 2341 1083 2434 haec,
1160 2364 1295 2418 non
1359 2365 1489 2437 quo
1539 2365 1698 2413 vera
1748 2366 1896 2414 esse
1948 2342 2450 2461 contenderem,
2515 2341 2636 2416 sed

408 2452 486 2519 ut
536 2444 779 2517 similia
827 2444 1032 2514 veris.
1132 2439 1275 2515 Sed
1325 2443 1386 2514 si
1434 2466 1594 2514 vera
1644 2452 1822 2532 sunt,
1874 2468 2005 2516 nou
2058 2444 2185 2517 erit
2224 2452 2439 2516 tamen
2473 2469 2637 2541 pro-

410 2554 564 2645 pter
613 2546 863 2616 hiatum
929 2551 998 2616 et
1061 2543 1376 2638 syllabam
1426 2544 1778 2640 ancipitem
1827 2551 2105 2617 metrum
2167 2545 2406 2618 illud
2385 2572 2455 2618 ιιι
2505 2545 2636 2618 duo

413 2671 646 2719 versus
699 2644 1149 2717 dividendum·
1220 2643 1418 2717 immo
1471 2646 1585 2741 qui
1649 2648 2030 2742 perpetuari
2081 2646 2359 2720 debebat
2405 2670 2640 2719 nume-

413 2774 569 2840 rus,
635 2746 901 2820 silentio
966 2743 1291 2842 putandus
1344 2755 1480 2819 est
1497 2747 1938 2844 interpellari,
1991 2747 2358 2821 cuiusmodi
2409 2773 2640 2822 exem-

414 2852 597 2949 plum
647 2847 1006 2921 monstravi
1055 2846 1124 2918 in
1177 2845 1602 2921 adnotatione
1651 2847 1737 2919 ad
1767 2845 2038 2946 Olymp.
2090 2847 2227 2922 VI.
2277 2853 2354 2926 7.
2432 2848 2641 2923 Aliud

419 2951 792 3048 exemplum
838 2949 910 3020 in
960 2947 1243 3044 Pythico
1293 2950 1579 3022 carmine
1630 2948 1775 3022 [Χ.
1824 2951 2224 3047 proferetur.

463 3083 475 3104 κ
622 3050 949 3144 Quoniam
1007 3073 1177 3122 unus
1241 3050 1508 3124 illorum
1571 3050 1657 3123 de
1722 3053 1956 3148 quibus
2021 3052 2266 3125 dictum
2334 3059 2440 3126 est
2488 3077 2644 3125 ver-

423 3180 612 3229 suum
678 3152 876 3224 verba
941 3151 1249 3224 adiuncta
1313 3152 1512 3225 hahet
1574 3154 1850 3225 multum
1916 3178 1957 3225 a
2019 3154 2235 3227 doctis
2288 3152 2646 3251 disputata,

422 3257 589 3330 libet
655 3254 737 3328 de
800 3253 940 3432 illgs
1010 3276 1268 3351 quoque
1334 3254 1552 3327 verbis
1617 3256 1868 3353 aliquid
1932 3255 2245 3329 adiicere.
2358 3254 2651 3354 Legitur

416 3358 600 3431 ‘enim
652 3382 717 3430 v.
745 3358 869 3431 10
922 3405 945 3428 .

1110 3489 1358 3619 ολβος
1407 3490 1545 3567 οὔκ
1575 3491 1649 3575 ἐς
1686 3487 1979 3591 μακρὸν
2006 3489 2383 3592 ἅνδρῶν”
2340 3518 2649 3591 ερχεται,

634 3593 716 3678 ὃς
762 3587 1015 3682 πολύς,
1063 3585 1215 3669 εὖτ’
1275 3590 1375 3669 ἂν
1423 3590 1889 3692 ἐπιβρίσας(
1858 3595 2134 3691 ε’πηται.

433 3703 576 3822 Vbi
625 3770 838 3843 quum
900 3746 1123 3843 inepte
1191 3745 1291 3817 bis
1353 3745 1528 3818 idem
1581 3745 1878 3837 dicatur,
1949 3753 2162 3819 tamen
2216 3769 2426 3841 neque
2479 3744 2649 3841 quod
2764 3835 2773 3840 ,

436 3847 783 3922 Boeckhio
837 3848 1110 3945 placuit,
1161 3846 1279 3935 οὔ,
1327 3843 1554 3930 πολὺς
1602 3842 1752 3922 εὖτ’
1813 3844 1914 3923 αν
1956 3844 2403 3946 dmsspc'oa3‘
2373 3847 2651 3942 ἕπηται,

439 3950 643 4025 scribi
704 3950 991 4047 poterit,
1064 3950 1220 4047 quia
1281 3958 1415 4023 tam
1465 3951 1686 4045 gravis
1740 3951 2138 4024 asseveratio
2188 3949 2451 4021 minime
2498 3948 2656 4020 huic

437 4054 594 4127 loco
646 4052 974 4145 convenit,
1024 4075 1152 4125 nec
1196 4051 1369 4147 quod
1406 4051 1570 4124 Βιεε
1540 4052 1761 4124 senius
1805 4052 2088 4125 coniecit
2121 4050 2402 4141 admitti,
2451 4044 2758 4142 πάμ-Ιθ

442 4161 670 4237 πολυς
732 4148 886 4229 ευτ’
963 4149 1062 4229 αν
1125 4150 1512 4252 ἐπιβρίσας
1574 4153 1831 4298 ἓᾶιηται
1840 4206 1869 4243 ,
1940 4153 2095 4253 quia
2153 4178 2307 4229 ιιοιι
2351 4157 2455 4223 εει
2519 4173 2652 4223 vet

615 4351 703 4477 ³),
729 4394 947 4476 Rectius
977 4377 1239 4456 'scribetur
1278 4385 1416 4473 ἄκη.
