3192 4992
617 330 749 399 Ἠ
1249 333 1351 395 DE
1392 331 1772 418 APOLLINE
1812 331 1915 393 ET
1955 331 2215 426 DIANA.

566 503 574 529 '
621 501 759 592 dit,
810 501 906 572 ita
954 503 1029 570 nt
1074 523 1206 571 non
1257 499 1472 597 possit
1521 497 1603 572 de
1652 506 1931 596 utroque
1982 498 2336 597 separatim
2386 498 2659 596 exponi,
2714 498 2844 573 etsi

619 602 977 699 potiorem,
1023 600 1312 673 habitum
1376 624 1525 673 esse
1590 602 1970 701 Apollinem
2042 602 2152 674 vel
2222 623 2425 673 sexus
2496 608 2841 673 monstrat.

522 784 549 792 „
620 702 757 775 Illa
818 702 967 799 ipsa
1019 709 1231 775 autem
1284 703 1661 776 coniunctio
1728 712 1923 799 atque
1975 703 2403 775 communitas
2455 711 2841 798 argumento

623 814 752 896 cst,
804 811 919 875 aut
964 804 1158 876 unius
1210 803 1543 877 cuiusdam
1560 854 1585 895 ‚
1640 801 1952 901 quidquid
2003 804 2171 877 illud
2220 803 2351 894 sit,
2407 802 2569 875 duas
2621 803 2842 876 diver-

623 930 733 978 sas
783 912 1187 1002 potestates,
1255 913 1367 978 aut
1433 905 1709 976 duorum
1758 904 2167 977 diversorum
2215 904 2580 977 naturalem
2632 930 2840 1003 quan-

624 1007 772 1078 dam
823 1007 1280 1102 cognationem
1330 1005 1458 1077 diis
1506 1007 1671 1104 istis·
1710 1005 2099 1103 significari.

823 1107 1194 1180 Multorum
1244 1131 1324 1179 ea
1372 1106 1499 1180 fuit
1549 1108 1815 1205 opinio,
1885 1116 1956 1180 ut
2009 1106 2392 1205 Apollinem
2442 1112 2510 1178 et
2557 1105 2837 1178 Dianam

624 1208 833 1292 solem
885 1215 952 1281 et
1000 1210 1222 1281 lunam
1269 1232 1417 1281 esse
1469 1218 1854 1282 censerent:
1923 1233 2089 1306 quae
2140 1208 2403 1280 tametsi
2454 1208 2835 1303 gravissime

600 1309 663 1381 :a
728 1309 1109 1406 quibusdam
1172 1310 1493 1401 refutata,
1565 1320 1784 1384 tamen
1817 1312 2058 1407 'nuper
2121 1309 2391 1382 defensa
2453 1316 2559 1380 est
2621 1332 2664 1379 a
2709 1307 2839 1379 Ph.

622 1412 1021 1494 Buttmanno
1070 1412 1599 1508 ingeniosissime
1651 1414 1721 1488 in
1770 1411 2151 1509 Mythologi
2201 1412 2338 1482 vol.
2387 1408 2455 1483 Ι.
2553 1408 2725 1482 Nam
2772 1410 2842 1481 in

626 1513 1097 1608 antiquissimis
1149 1511 1719 1609 religionibus'm
1784 1538 1949 1610 quae
2016 1513 2229 1587 oeulis
2277 1519 2631 1586 cernantur
2682 1510 2843 1590 deos

423 1649 430 1661 =
572 1609 875 1706 4haberi,
928 1616 1180 1687 caelum
1230 1612 1497 1707 Iovem,
1554 1639 1731 1687 mare
1783 1615 2184 1713 Neptunum,
2237 1615 2389 1686 loca
2436 1612 2650 1684 infera
2703 1610 2844 1685 Or·-

623 1740 795 1808 cum,
847 1717 1068 1812 ignem
1118 1714 1531 1806 Vulcanum3
1598 1717 1812 1789 multo
1860 1718 2018 1814 post
2063 1716 2321 1788 demum
2374 1739 2460 1786 ex
2508 1714 2595 1786 iis
2646 1715 2841 1787 rebus

625 1839 790 1911 quae
842 1817 988 1889 sola
1035 1825 1251 1889 mente
1303 1827 1788 1913 cognoscantur
1835 1817 2214 1915 potissimas
2273 1816 2345 1888 in
2399 1816 2666 1889 deorum
2717 1841 2843 1888 nu-

619 1941 866 1988 merum
895 1917 1170 2010 referri3
1219 1918 1389 1991 unde
1431 1919 1869 2015 prudentiam,
1922 1943 2311 2010 sermonem,
2364 1916 2839 2010 fortitudinem,

544 2014 561 2029 ⁸
620 2041 908 2091 amorem
958 2020 1324 2091 nominibus
1376 2021 1509 2093 coli
1540 2019 1913 2114 Minervae,
1965 2020 2317 2112 Mercurii,
2368 2018 2641 2110 MartIs,
2693 2017 2842 2091 Ve-

619 2120 825 2194 neris..
927 2119 1149 2212 Quare
1212 2121 1406 2195 nimis
1470 2122 1704 2194 mirum
1756 2148 1944 2216 esse,
2015 2124 2085 2196 ni
2206 2145 2372 2225 quae
2436 2121 2719 2196 maxime
2765 2121 2837 2194 in

622 2222 851 2297 oculos
901 2222 1262 2320 incurrant,
1318 2224 1422 2295 sol
1474 2246 1731 2319 quoque
1784 2233 1852 2297 et
1900 2227 2057 2297 luna
2098 2174 2260 2299 lacti
2292 2223 2426 2296 sint
2462 2222 2581 2294 dii.
2681 2209 2839 2294 Μό-

619 2323 863 2408 morari
914 2324 1174 2422 quidem
1228 2324 1435 2396 deum·
1454 2322 1688 2398 Solem
1739 2325 2052 2423 deamque
2094 2313 2398 2397 Lunam:
2468 2348 2691 2426 verum
2739 2324 2839 2397 sic

557 2495 570 2508 ,
618 2421 825 2522 etiam⁴
867 2448 908 2498 a
958 2423 1203 2500 Cerere
1259 2425 1571 2519 Terram,
1626 2451 1667 2498 a
1715 2425 2026 2525 Neptuno
2077 2426 2390 2518 Pontum,
2442 2450 2483 2497 a
2528 2426 2841 2500 Minerva

615 2523 837 2598 Metin
888 2550 1036 2599 esse
1089 2526 1449 2599 discretos:
1504 2528 1737 2624 quibus
1771 2539 2006 2626 postea
2035 2525 2286 2601 addidit
2311 2525 2616 2619 Vestam,
2672 2551 2838 2623 quae

615 2627 885 2726 proprie
936 2627 1026 2708 sit
1074 2626 1559 2702 fundamentum
1612 2629 1868 2704 domus.
1965 2627 2265 2729 Namque
2317 2629 2444 2702 etsi
2492 2629 2686 2702 initio
2728 2653 2837 2701 res

615 2728 801 2826 ipsae
854 2727 993 2802 suis
1044 2727 1411 2800 nominibus
1461 2753 1584 2825 pro
1638 2729 1766 2802 diis
1818 2732 2144 2824 colantur,
2196 2741 2415 2804 tamen
2456 2740 2693 2830 postea
2727 2755 2839 2803 se·
2940 2801 2943 2808 .

618 2827 801 2902 cerni
850 2823 1193 2920 notiones,
1258 2828 1580 2925 aliterque
1631 2829 1728 2902 de
1792 2857 1867 2905 re
1919 2841 2223 2930 tanquam
2276 2832 2439 2925 deo,
2511 2831 2835 2929 quamde

618 2923 741 3002 deo
809 2928 889 3002 ab
955 2951 1035 3001 ea
1097 2945 1171 3001 re
1237 2939 1542 3027 separato
1608 2932 1864 3020 sentiri.
1999 2932 2177 3008 Sunt
2238 2929 2405 3007 haec
2468 2933 2835 3030 speciosius

620 3053 815 3129 quam
875 3030 1360 3121 accommodate
1426 3031 1510 3105 ad
1574 3036 1988 3132 propositum
2039 3033 2263 3109 dicta.'
2358 3034 2529 3120 Nam
2576 3034 2834 3110 Pontus

617 3131 875 3234 quidem
922 3141 993 3208 et
1041 3131 1251 3212 Motis
1316 3133 1485 3205 nihil
1544 3136 1676 3208 nisi
1742 3136 1898 3212 ficta
1963 3162 2005 3209 a
2072 3139 2288 3236 poetis
2340 3129 2603 3210 numina
2652 3143 2831 3228 sunt,

613 3257 824 3334 neque
874 3233 1100 3308 hahita
1144 3234 1215 3308 in
1265 3226 1489 3310 eorum
1542 3261 1838 3332 numero,
1910 3240 2020 3335 qui
2068 3265 2191 3337 pro
2246 3240 2417 3312 veris
2470 3239 2598 3311 diis
2649 3238 2836 3311 cole-

613 3344 865 3410 rentur.
968 3332 1230 3407 Terrae
1280 3345 1495 3410 autem
1546 3364 1778 3430 munus
1829 3343 2034 3414 multo
2084 3342 2283 3414 latius
2336 3366 2528 3439 quam
2563 3338 2831 3413 Cereris

614 3445 826 3532 patet,
876 3444 973 3529 ut,
1018 3437 1088 3509 si
1138 3437 1283 3535 quis
1337 3436 1650 3514 Cererem
1697 3466 1846 3514 cum
1900 3442 2121 3514 Terra
2171 3442 2462 3515 eamdem
2513 3467 2661 3515 esse
2712 3466 2832 3513 ve·

520 3532 553 3546 '⁸
613 3538 721 3626 lit,
774 3537 858 3612 ad
886 3563 1225 3612 summum
1272 3565 1404 3613 non
1454 3542 1688 3637 ³possit
1746 3544 1879 3615 nisi
1928 3568 2084 3616 arva
2136 3542 2444 3617 Cererem
2496 3542 2832 3641 appellata

616 3638 901 3718 afferre..
999 3639 1219 3734 Quare
1297 3666 1383 3716 ne
1416 3731 1421 3736 Α
1453 3640 1765 3717 Cererem
1846 3646 2104 3742 quidem
2169 3671 2317 3742 cum
2377 3644 2697 3744 Apolline
2761 3651 2829 3716 et

613 3737 835 3824 Diana
886 3742 1254 3838 comparari
1303 3744 1489 3836 licet,
1544 3745 1723 3842 quod
1775 3746 2025 3843 aliquid
2075 3756 2291 3820 tamen
2343 3756 2559 3821 terrae
2610 3752 2825 3818 manet

614 3842 685 3913 in
735 3839 857 3912 dea
899 3839 1172 3935 Cerere,
1223 3843 1471 3942 Apollo
1523 3855 1758 3944 autem‘
1791 3856 1858 3920 et
1905 3848 2129 3921 Diana
2177 3841 2382 3938 multa
2478 3874 2554 3921 er
2601 3847 2827 3922 secula

612 3943 710 4034 ita
754 3949 912 4030 suut
962 3945 1163 4038 culti,
1234 3956 1308 4035 ut
1355 3970 1544 4020 nemo
1594 3949 1939 4046 qnisquam
1991 3951 2071 4022 de
2121 3952 2264 4024 sole
2317 3960 2384 4024 et
2459 3974 2587 4023 una
2638 3948 2828 4047 cogi-

611 4050 823 4134 taret,
875 4067 1082 4140 usque
1134 4046 1284 4141 dum
1334 4047 1754 4147 philosophi,
1823 4053 1932 4148 qui
1983 4077 2091 4124 res
2140 4049 2472 4125 naturales
2520 4078 2645 4154 pro
2696 4050 2824 4122 diis

526 4199 535 4212 .
610 4145 866 4217 habitas
920 4147 1409 4240 existimarent,
1477 4151 1669 4247 signa
1731 4153 1852 4224 illa
1902 4155 2215 4226 caelestia
2264 4153 2628 4252 significari
2675 4153 2824 4225 istis

612 4246 981 4336 nominibus
1045 4249 1498 4344 prodiderunt.
1547 4333 1552 4338 ,
1614 4252 1765 4325 Non
1804 4279 2138 4350 quaeram
2199 4281 2373 4328 nunc
2434 4256 2673 4328 falsum
2719 4253 2825 4325 illi

609 4372 697 4422 an
745 4373 969 4432 verum
1021 4351 1378 4425 dixerintz·
1412 4352 1560 4428 fieri
1608 4356 1828 4451 potuit
1873 4357 2072 4450 enim,
2123 4366 2199 4430 ut
2249 4383 2469 4452 verum
2503 4358 2822 4448 dicerent,
