3192 4992
586 351 720 422 144·
1146 351 1742 464 Emmnonns
1782 333 2263 415 PmnAchn.

585 520 983 620 argumenti,
1036 543 1229 616 qnam
1265 519 1693 594 Boeckhins=
1756 543 1908 593 nam
1958 545 2156 618 quum
2202 520 2464 593 fabulae
2515 520 2823 594 inscren-

589 624 713 697 dae
763 630 1013 714 essent,
1064 621 1233 695 dnae
1280 622 1482 714 illae,
1549 646 1714 719 quas
1761 621 2092 720 implicuit
2138 621 2497 715 Pindarus,
2551 624 2682 695 etsi
2729 624 2821 697 iis

589 749 750 798 usus
800 732 905 797 est
954 723 1292 820 aptissime
1305 774 1332 816 ,
1396 733 1620 796 tamen
1667 748 1803 797 non
1854 723 2212 797 cohaerent
2257 724 2637 798 necessario
2691 725 2825 797 ali-

497 893 506 900 .
591 851 721 923 quo
773 826 1036 898 vinculo
1103 849 1252 898 cum
1299 847 1397 896 ea
1448 847 1617 921 quae
1678 825 1955 922 propria
2002 826 2313 899 carminis
2361 826 2639 899 materia
2689 837 2822 899 est.

590 927 717 1001 Sic
765 927 939 1000 enim
989 925 1293 1023 procedit
1339 950 1560 999 rerum
1610 934 2039 1000 tractatarum
2088 927 2295 1000 ordo:
2365 928 2682 1028 Magna
2710 930 2825 1002 vis

590 1039 714 1103 est
769 1021 1222 1101 divitiarum
1296 1052 1477 1100 cmm
1545 1030 1833 1102 virtute
1896 1029 2497 1103 coniuncturum
2510 1081 2533 1121 ,
2623 1053 2824 1129 qaas

589 1128 979 1204 dederunt
1000 1126 1224 1225 fata.
1332 1130 1456 1201 Ta
1505 1127 1615 1221 id,
1664 1127 2077 1206 Arcesilae
2090 1183 2115 1221 ,
2170 1156 2227 1205 a
2273 1132 2483 1205 vitae
2521 1132 2820 1230 princi-

577 1233 717 1333 pio
781 1232 1110 1304 sectaris
1168 1232 1511 1332 propitio
1564 1242 1750 1332 post
1807 1228 2083 1306 turbas
2147 1233 2410 1307 civiles
2480 1232 2821 1307 Castore.
2948 1236 2952 1239 ⁴

590 1333 1007 1433 Sapientes
1072 1334 1276 1405 enim
1336 1342 1551 1406 reete
1613 1344 1950 1406 utuntur
2011 1331 2382 1407 divinitas
2430 1332 2629 1408 data
2682 1359 2822 1435 po-

591 1436 861 1507 tentia.
963 1434 1107 1507 Sic
1156 1443 1267 1524 te,
1349 1435 1490 1535 qui
1547 1435 1801 1508 iustus
1850 1458 1965 1526 es,
2038 1438 2459 1509 comitatur
2519 1460 2824 1536 magna

571 1532 958 1631 felicitas,
1012 1533 1228 1636 quod
1267 1546 1348 1609 et
1392 1559 1553 1618 rex,
1603 1560 1686 1610 es
1724 1538 2303 1637 potentissimas
2351 1547 2434 1611 et
2466 1562 2684 1609 nane
2716 1538 2821 1610 vi-

594 1648 764 1710 etor
798 1635 1145 1734 Pythius.
1247 1638 1534 1738 Itaque
1572 1640 1834 1739 primo
1867 1636 2096 1711 deum
2136 1662 2516 1712 venerare
2551 1635 2824 1711 horum

592 1747 1016 1828 auctorem,
1068 1736 1347 1812 deinde
1398 1763 1584 1812 ama
1640 1737 2128 1830 Carrhotnm,
2182 1742 2324 1841 qai
2368 1736 2822 1840 splendidis-

588 1841 780 1912 sime
826 1841 1143 1913 vincens
1193 1865 1522 1912 carram
1569 1842 2064 1914 consecravit
2103 1839 2428 1942 Delphis
2441 1894 2466 1933 ,
2529 1838 2825 1941 de'gnus

583 1942 891 2041 gratia.
1002 1942 1128 2013 Tu
1175 1965 1382 2032 vero,
1440 1939 1842 2031 Uarrlmte,
1897 1939 2164 2016 beatas
2205 1965 2288 2015 es
2317 1943 2564 2039 fama
2591 1944 2821 2016 vieto-

585 2044 766 2115 riae
812 2043 1022 2116 inter
1071 2041 1619 2144 quadraginta
1650 2040 1975 2139 fractos
2015 2069 2306 2118 ewrus
2345 2055 2819 2146 reportatae.
2900 2061 2919 2069 ‘

588 2142 763 2217 Sed
814 2168 1034 2218 nemo
1101 2168 1395 2245 empers
1457 2143 1769 2218 doloris.
1892 2146 2145 2219 Testis
2192 2146 2487 2219 Battus
2512 2148 2823 2247 ‘lingua

590 2256 883 2320 sanata
932 2240 1035 2320 ab
1068 2243 1461 2346 Apolline,
1514 2248 1657 2347 qui
1700 2256 1783 2319 et
1825 2242 2126 2322 morbos
2173 2245 2510 2348 depellit,
2563 2260 2645 2321 et
2689 2274 2820 2321 ar·-

589 2357 742 2420 tem
791 2344 1136 2421 canendi
1178 2344 1342 2439 dat,
1394 2343 1671 2449 quibus
1710 2345 1960 2443 favet,
2010 2360 2094 2423 et
2136 2360 2346 2423 tenet
2384 2352 2819 2441 oraculum,

589 2472 740 2548 qno
804 2446 1286 2522 Heraclidas
1346 2450 1434 2523 in
1496 2449 2107 2552 Peloponnesum
2168 2448 2541 2542 deduxit,
2608 2449 2821 2526 ande

568 2546 952 2648 *Aegidae
993 2547 1329 2623 Theram
1359 2574 1638 2624 venere
1651 2575 1678 2622 .·
1727 2577 1916 2625 nam
1943 2550 2220 2646 fatale
2260 2563 2460 2637 erat,
2508 2564 2602 2625 at
2629 2554 2819 2627 Car-

588 2674 746 2724 nea
800 2651 1161 2745 Cyrenen
1200 2648 1761 2750 perferrentur
1772 2704 1797 2741 ,
1855 2649 1994 2724 abi
2036 2650 2577 2728 Antenoridae
2625 2656 2826 2729 culti

589 2761 780 2823 sant
822 2775 878 2822 a
916 2749 1150 2822 Batti
1193 2746 1616 2841 comitibus,
1669 2754 1808 2851 qni
1853 2755 2142 2851 templa
2188 2752 2511 2828 deorum
2557 2755 2818 2831 eondi-

589 2849 742 2940 dit,
814 2851 1172 2950 viamque
1220 2851 1453 2923 saoeis
1501 2853 1828 2944 struxit,
1880 2875 1963 2925 se
2015 2855 2377 2955 altusque
2424 2854 2535 2931 ibi
2579 2870 2699 2933 est
2743 2869 2824 2933 et

593 2953 893 3026 caeteri
936 2975 1168 3052 reges
1181 3005 1204 3042 ,
1274 2976 1492 3025 nune
1707 2950 1770 3025 d
1822 2955 1907 3027 in
1946 2979 2118 3028 eros
2160 2955 2604 3056 gaudentes
2647 2962 2817 3061 glo-

590 3056 723 3128 ria
771 3052 1207 3128 Arcesilai:
1275 3078 1503 3155 quem
1606 3066 1772 3128 eeet
1808 3054 2166 3158 Apollini
2201 3063 2523 3159 gratias
2573 3085 2820 3163 agere

591 3151 682 3228 ob
730 3157 1157 3230 victoriam.
1259 3156 1534 3229 Multis
1582 3157 1717 3230 ille
1765 3158 2125 3259 splendet
2156 3160 2591 3256 virtutibus,
2630 3189 2817 3266 pre·

448 3302 452 3307 -
590 3281 881 3359 corque
926 3256 1144 3349 deos,
1196 3266 1294 3330 ut
1334 3269 1691 3349 maneat,
1757 3257 1973 3360 qaod
2012 3285 2264 3362 spero,
2315 3286 2416 3337 ea
2442 3265 2815 3362 fortuna,

589 3357 1071 3463 aec-edatque
1118 3359 1449 3433 victoria
1497 3357 1930 3463 Olympio-a.

591 3487 594 3490 ’
769 3483 1066 3566 'Numeri
1115 3493 1421 3566 carminis
1488 3519 1618 3591 qna
1667 3502 1809 3568 arte
1860 3496 2182 3571 elaborati
2230 3497 2406 3592 sint,
2469 3487 2645 3575 nunc
2695 3500 2817 3575 (le-

589 3621 764 3669 mum
806 3595 1037 3669 videor
1068 3594 1511 3669 intellexisse.
1617 3591 1857 3689 Quare
1874 3599 2097 3672 statim
2126 3600 2411 3695 initium,
2463 3604 2593 3676 etsi
2623 3626 2816 3700 qnam

489 3743 494 3752 ·
591 3697 887 3771 continet
934 3697 1262 3771 sententia
1310 3697 1469 3770 alibi
1518 3699 1870 3773 simillimis
1921 3701 2140 3774 verbis
2191 3727 2231 3774 a
2263 3700 2557 3779 Pindaro
2591 3705 2812 3804 posita

590 3807 719 3893 est,
771 3798 918 3871 vitii
968 3799 1409 3897 suspicionem
1458 3800 1656 3875 facit:

894 3963 936 4040 ὃ
985 3972 1298 4051 πλοῦτος
1344 3964 1825 4066 εὖρυσθενής,

767 4085 773 4094 ’
893 4064 1078 4143 ὅταν
1128 4095 1239 4152 τις
1290 4067 1518 4168 ἀρετᾷ
1565 4070 2019 4171 κεκραμένον
2065 4075 2379 4173 καθαρᾷ
2458 4103 2465 4114 ’

892 4165 1287 4270 βροτήσιος
1352 4170 1544 4271 ἀνὴρ
1613 4170 1904 4276 πότμου
1983 4172 2454 4272 παραδόντος
2529 4175 2764 4256 αὐτὸν

1951 4274 2194 4379 ἀνάγῃ

890 4366 1303 4470 πολύφιλον
1347 4373 1634 4451 ἑπέταν.
