3192 4992
592 355 718 454 leo
1026 357 1128 418 nn
1169 337 1541 417 Αεεοιῑηι
1582 353 1961 418 ‘rumonus
2002 351 2402 416 mnnAms.

571 532 694 597 'est
743 522 1115 620 Oedipum,
1166 530 1256 604 nt,
1292 521 1579 616 cognitis
1630 520 2012 618 parentibus
2063 520 2190 592 sibi
2241 520 2473 593 oeulos
2524 523 2819 610 erueret,

588 636 658 699 et
706 627 814 697 vel
865 624 1056 696 domo
1110 624 1368 695 abditus
1420 632 1842 720 conspectum
1886 622 2219 695 hominum
2249 621 2535 717 fugeret,
2587 620 2695 691 vel
2742 644 2819 691 se
2904 674 2917 690 ,

586 728 801 825 patria
852 726 1359 816 exterminaret,
1424 735 1650 820 potest
1713 724 1774 795 is
1839 724 2051 795 iustus
2103 724 2255 796 finis
2318 722 2544 796 haberi
2594 745 2821 794 rerum

582 831 706 901 illa
755 828 1027 924 trilogia
1077 827 1719 924 comprehensarum.
1821 822 1974 897 Non
2029 824 2403 921 negaverim
2455 831 2701 914 tamen,
2753 821 2818 894 si

585 929 852 1027 Sphinx
904 930 1248 1017 dematur,‘
1279 952 1470 1024 quam
1522 926 1931 1023 tragoediam
1981 926 2186 998 fuisse
2239 925 2409 996 hand
2463 925 2626 997 satis
2662 948 2820 997 cer-

534 1034 720 1106 Stum
772 1037 963 1128 puto‚'
1013 1030 1310 1127 potuisse
1363 1029 1591 1102 ultima
1643 1029 1950 1123 trilogiae
1989 1028 2333 1123 tragoedia
2366 1027 2611 1100 obitum
2646 1050 2818 1098 con-

585 1133 785 1205 tineri
838 1130 1113 1227 Oedipi,
1168 1132 1474 1202 similiter
1522 1138 1596 1202 nt
1645 1131 1713 1201 in
1766 1128 2032 1225 Oedipo
2068 1128 2369 1202 Colonen
2421 1126 2816 1223 Sophoclis.

579 1235 687 1306 Ac
734 1234 1106 1331 suspicetur
1157 1233 1302 1328 quis
1352 1232 1632 1312 forsitan
1681 1239 2001 1314 tractasse
2026 1231 2428 1326 Aeschylum
2464 1230 2660 1302 etiam
2702 1252 2813 1319 ea,

582 1358 750 1432 quae
784 1333 1048 1431 Oedipo
1103 1335 1307 1408 multo
1357 1341 1513 1430 post
1562 1356 1753 1429 quam
1805 1357 1877 1406 se
1932 1333 2271 1404 oculorum
2321 1354 2445 1402 nsn
2483 1332 2816 1427 privasset

583 1436 968 1526 acciderint,
1017 1436 1109 1526 si,
1162 1444 1236 1507 nt
1287 1434 1669 1532 quibusdam
1722 1459 1870 1505 cum
1922 1434 2284 1514 scholiasta
2311 1431 2674 1529 Sophoclis
2726 1430 2816 1502 ad

581 1535 759 1609 Oed.
829 1536 979 1610 Col.
1039 1538 1261 1611 1375.
1327 1538 1587 1632 placet,
1671 1559 1837 1631 quae
1903 1536 1973 1607 in
2040 1533 2316 1631 Septem
2383 1534 2467 1605 ad
2535 1533 2815 1604 Thebas

585 1664 646 1711 v.
697 1640 875 1713 792.
929 1636 1108 1733 ἀραὶ
1156 1634 1476 1711 ἐπίκοτοι
1523 1643 1811 1732 τροφᾶς
1860 1637 2075 1708 dictae
2126 1637 2321 1727 snnt‚'
2367 1635 2452 1706 ad
2502 1659 2583 1706 ea
2632 1634 2818 1705 refe-

578 1749 851 1831 runtur,
924 1763 1092 1836 quae
1144 1763 1231 1811 ex
1284 1740 1534 1834 cyclica
1584 1738 1933 1810 Thebaide
2000 1739 2241 1835 partim
2292 1737 2465 1834 apud
2518 1736 2814 1809 scholia-

578 1855 743 1914 stam
799 1842 999 1913 istum
1011 1892 1037 1931 ‚
1110 1842 1345 1937 partim
1400 1838 1574 1937 apud
1624 1839 2035 1913 Athenaeum
2103 1848 2419 1936 excerpta
2471 1838 2810 1910 habemns.

576 1941 687 2014 Ea
748 1942 1115 2039 fragmenta
1180 1943 1404 2038 attigi·
1440 1941 1594 2013 olim
1661 1942 1730 2011 in
1798 1939 2218 2016 adnotatione
2285 1940 2367 2012 ad
2421 1936 2599 2011 Oed.
2652 1937 2812 2012 Col.

439 2101 444 2110 a
580 2047 805 2119 1377.
909 2043 1160 2115 Postea
1225 2052 1591 2116 tractarunt
1656 2042 1770 2138 qni
1836 2041 1918 2113 de
1971 2042 2320 2116 Thebaide
2373 2042 2809 2138 scripserunt,

575 2145 1133 2243 reprehendentes
1186 2146 1380 2216 etiam
1450 2168 1614 2240 quae
1682 2168 1815 2215 non
1867 2143 2214 2215 debebant.
2251 2160 2255 2162 ’
2315 2142 2571 2216 Eorum
2621 2143 2811 2239 frag-

577 2256 941 2321 mentorum
1006 2247 1325 2344 primum‚
1400 2246 1575 2341 quod
1638 2246 1768 2316 iam
1832 2246 2080 2317 rectius
2147 2245 2555 2320 emendatum
2609 2244 2806 2334 dabo,
2882 2265 2888 2270 ·

576 2349 865 2421 servavit
912 2347 1296 2420 Athenaeus
1346 2347 1488 2419 XI.
1559 2373 1630 2444 p.
1681 2347 1858 2424 465.
1913 2345 2003 2417 F.
2069 2347 2170 2418 sic
2218 2346 2581 2420 scribensz*
2629 2343 2669 2419 ὃ
2722 2341 2808 2419 δὲ

579 2446 939 2532 Οἰδίπους
988 2446 1088 2523 δι’
1148 2444 1548 2540 ἐκπώματα
1596 2453 1752 2531 τοῖς
1798 2447 1988 2531 υἱοῖς
2034 2443 2541 2544 κατηράσατο,
2611 2444 2713 2528 ὥς
2762 2444 2807 2521 ὅ

572 2549 712 2645 τὴν
775 2549 1125 2645 κυκλικὴν
1195 2548 1488 2645 Θηβαΐδ
1490 2578 1538 2622 α
1605 2546 2013 2643 πεποιηκώς
2076 2570 2347 2646 φησιν,
2418 2547 2532 2622 ὅτι
2595 2547 2806 2645 αὐτῷ

573 2649 1014 2748 παρέθηκαν
1062 2651 1368 2743 ἔκπωμα
1419 2649 1459 2723 ὃ
1512 2646 2016 2750 ἀπηγορεύκει,
2068 2649 2305 2751 λέγων
2354 2648 2622 2733 οὕτως·

777 2797 1018 2894 αὐτὰρ
1070 2798 1111 2872 ὃ
1163 2796 1497 2900 διογενὴς
1542 2797 1741 2895 ἥρως
1790 2797 2071 2883 ξανθὸς
2121 2800 2577 2897 Πολυνείκης

774 2907 1034 2998 πρῶτα
1082 2897 1224 2995 μὲν
1260 2895 1623 2996 Οἰδιπόδῃ
1675 2899 1912 2997 καλὴν
1953 2900 2326 3000 παρέθηκε
2353 2900 2754 3000 τράπεζαν,

778 3000 1175 3103 ἀργυρέην,
1225 2998 1566 3096 Κάδμοιο
1618 2998 2071 3101 θεόφρονος·
2143 3003 2383 3100 αὐτὰρ
2437 3006 2680 3078 ἔπειτα
2828 3011 2833 3018 “

766 3099 1092 3200 χρύσεον
1142 3104 1506 3200 ἔμπλησεν
1551 3102 1783 3180 καλὸν
1834 3102 2057 3189 δέπας
2103 3103 2315 3201 ἡδέος
2366 3107 2596 3181 οἴνου.

778 3202 1018 3301 αὐτὰρ
1067 3204 1183 3305 ὅγ’
1245 3203 1344 3288 ὥς
1395 3200 1711 3303 φράσθη
1773 3204 2274 3303 παρακείμενα
2323 3207 2600 3304 πατρὸς
2650 3207 2804 3280 ἑοῖο

774 3303 1127 3403 τιμήεντα
1176 3307 1381 3408 γέρα,
1433 3307 1624 3409 μέγα
1677 3307 1746 3381 οἱ
1793 3306 2028 3382 κακὸν
2077 3309 2338 3400 ἔμπεσε
2392 3311 2644 3406 θυμῷ.

663 3409 682 3428 ‘
778 3406 970 3503 αἶψα
1021 3405 1103 3481 δὲ
1154 3408 1410 3482 παισὶν
1462 3410 1644 3483 ἑοῖσι
1692 3409 1851 3503 μετ’
1896 3409 2425 3507 ἀμφοτέροισιν
2472 3407 2751 3506 ἐπαρὰς
2824 3437 2833 3448 “

777 3508 1140 3611 ἀργαλέας
1186 3510 1455 3605 ἠρᾶτο·
1522 3509 1713 3584 θεὸν
1763 3508 1836 3584 δ’
1899 3510 1990 3584 οὗ
2037 3506 2364 3586 λάνθαν’
2411 3509 2745 3609 Ἐρινύν·
2830 3513 2835 3520 ’

777 3609 880 3694 ὥς
930 3610 1020 3684 οὔ
1072 3610 1143 3684 οἱ
1191 3606 1504 3707 naz-past*
1565 3615 1638 3707 ἰῇ
1692 3607 2023 3707 φιλότητι
2076 3610 2126 3686 δ
2128 3610 2460 3701 άσαιντο,

778 3711 1259 3810 ἀμφοτέροισι
1310 3712 1385 3787 δ’
1444 3710 1559 3787 ἀεὶ
1607 3712 1894 3787 τελέθοι
1943 3709 2248 3810 πόλεμοί
2294 3742 2373 3819 τε
2420 3709 2659 3809 μάχαι
2693 3740 2796 3787 τε.

574 3860 727 3934 Non
779 3887 1346 3958 commemorarem
1397 3865 1538 3962 legi
1587 3864 1761 3963 apud
1786 3866 2195 3950 Athenaeum
2243 3864 2615 3953 Οἰδίποδι,
2664 3865 2799 3937 nisi
2840 3943 2841 3950 χ

576 3964 648 4042 id
686 3962 948 4035 defendi
976 3963 1286 4058 viderem,
1334 3976 1403 4037 et
1430 3967 2077 4063 quidem'Homericd
2111 3969 2233 4041 illo
2261 3968 2462 4041 Iliad.
2492 3966 2797 4040 XXIII.

580 4068 756 4141 244.
773 4151 794 4162 st,
820 4062 1017 4167 ἐγών
1046 4064 1241 4140 ’Άΐδι
1285 4062 1681 4163 κεύθωμαι
1694 4124 1721 4158 ,
1795 4070 2146 4166 quaerique
2198 4095 2317 4142 cnr
2365 4095 2526 4167 ergo
2581 4077 2799 4141 muta-

579 4178 716 4241 tum
767 4166 990 4239 fuerit.
1091 4168 1413 4241 Dicamne
1431 4164 1469 4242 Ξ)
1530 4169 1785 4263 Primo,
1840 4189 2004 4268 qnae
2057 4173 2161 4244 vel
2210 4173 2358 4243 sola
2406 4197 2528 4270 per
2577 4196 2651 4243 se
2689 4179 2798 4242 sat

581 4270 802 4366 gravis
852 4292 1088 4346 caussa
1136 4278 1276 4361 est,
1332 4272 1484 4367 quia
1531 4272 1734 4368 periti
1780 4283 2017 4369 poetae
2068 4282 2173 4345 est
2219 4273 2304 4344 de
2355 4274 2603 4345 duabus
2650 4272 2799 4345 for-

580 4372 704 4442 mis
732 4395 878 4444 eam
902 4371 1228 4468 praferre,
1269 4396 1444 4467 qnae
1475 4374 2031 4447 accommodatior
2063 4376 2348 4447 numeris
2378 4384 2506 4448 est.
2570 4375 2797 4467 Quare
