3192 4992
647 348 783 424 m
1021 351 1122 414 DE
1163 293 1612 414 mGOEmAt
1642 347 2182 416 coMoEDIAQUE
2221 348 2521 412 LYch.

651 544 908 608 corun,
957 517 1074 613 qni
1122 517 1256 592 hoe
1302 542 1474 590 novo
1527 516 1882 591 certamine
1918 516 2278 608 ficissent,
2325 522 2727 611 postremum
2776 514 2885 590 lo-

651 645 800 693 cun
854 629 1106 692 tenere.
1221 618 1481 696 flornm
1551 644 1782 690 vereor
1844 643 1936 692 ne
1996 617 2161 691 nihil
2210 641 2433 690 verum
2486 616 2602 690 sit.
2646 691 2651 700 ,
2724 614 2883 690 Pri·

655 745 828 793 mum
879 721 1051 793 enim
1101 721 1170 792 in
1222 722 1459 818 epulo,
1526 720 1700 818 qnod
1750 719 2150 792 honorandis
2201 718 2562 791 victoribus
2611 718 2884 791 institu-

654 832 789 896 tmn
842 830 1048 914 esset,
1102 822 1315 894 denno
1365 845 1514 894 esse
1567 821 1650 893 de
1702 822 1980 895 victoria
2011 829 2356 911 certatum,
2411 828 2483 891 et
2529 818 2790 915 quidem
2841 843 2883 892 a

654 924 1040 1021 quibusdam
1089 948 1313 998 eorum
1363 924 1685 1020 ipsorum,
1740 924 1852 1020 qni
1902 922 2097 996 modo
2146 922 2218 995 in
2267 922 2478 994 sacris
2519 921 2691 996 ludis
2726 945 2884 996 cer-

657 1033 948 1116 tassent,
999 1049 1167 1124 pene
1215 1025 1565 1098 ridiculum
1618 1025 1902 1097 videtur.
2004 1023 2089 1097 Si
2138 1032 2316 1096 esset
2366 1032 2586 1096 autem
2634 1044 2676 1093 a
2725 1023 2883 1117 qui-

577 1143 592 1160 ‘
641 1127 938 1200 lmsdnm-
975 1149 1201 1202 eorum
1254 1136 1612 1217 certatum,
1678 1127 1843 1199 nihil
1890 1125 1961 1199 id
2010 1125 2094 1196 ad
2146 1148 2374 1200 sacros
2422 1123 2619 1228 ludos
2669 1125 2881 1222 perti-

656 1229 932 1317 unisset,
983 1252 1112 1300 nec
1160 1228 1272 1323 qni
1321 1253 1498 1302 nunc
1547 1229 1860 1302 vicisaent
1909 1227 2107 1300 adiici
2155 1226 2528 1324 potuissent
2574 1224 2879 1298 ludorum

639 1331 1039 1402 ‚victor-ihus„
1139 1327 1499 1402 Praeterea
1548 1330 1619 1401 hi
1670 1331 1824 1402 novi
1874 1331 2161 1402 victores
2204 1326 2434 1424 quidni
2472 1334 2543 1397 et
2575 1326 2709 1422 ipsi
2738 1351 2881 1400 me-

653 1432 944 1516 ruissent
991 1430 1269 1506 solemni
1318 1455 1559 1528 pompa
1608 1422 1695 1503 ad
1733 1455 1971 1510 novum
2014 1430 2164 1503 dnci
2195 1421 2512 1526 epulum?
2612 1425 2726 1498 Ita
2769 1428 2878 1523 qni

653 1533 805 1606 finis
854 1555 1278 1630 pomparum,
1351 1534 1720 1629 epulone,
1774 1533 2198 1608 certaminum
2248 1522 2541 1604 fnisset?
2642 1527 2876 1624 Neque

653 1658 809 1706 vero
874 1631 970 1707 τὰ
1019 1631 1336 1710 ἐπινίκια
1399 1644 1680 1732 possunt
1748 1635 2037 1708 carmina
2095 1634 2167 1708 in
2230 1632 2489 1704 laudem
2553 1630 2874 1704 victorum

649 1736 966 1832 intelligi2
1080 1729 1248 1810 Nam
1316 1736 1445 1810 hoc
1507 1736 1569 1808 si
1619 1744 1834 1828 esset,
1905 1736 2074 1810 nihil
2137 1734 2271 1806 nisi
2331 1733 2575 1808 undum
2639 1756 2876 1808 nomen

649 1846 888 1932 poetae
951 1836 1065 1932 qni
1129 1837 1260 1909 hoc
1307 1861 1550 1933 genero
1619 1839 1926 1930 vicisset,
2017 1836 2421 1933 adscriptum
2485 1833 2874 1927 videremus,

643 1938 875 2034 idque,
945 1939 1005 2010 si
1055 1961 1143 2010 ex
1195 1939 1475 2012 caeteris
1528 1940 1850 2013 victorum
1898 1937 2625 2014 commemorationibus
2670 1937 2877 2014 aesti-

637 2039 952 2130 mandum
1002 2047 1130 2129 est,
1184 2038 1313 2114 hoc
1361 2040 1594 2115 modox
1666 2038 1966 2138 ποιητὴς
2012 2036 2390 2116 ἐπινικίου.
2491 2036 2638 2114 Nec
2687 2037 2877 2110 deni·-

649 2164 777 2237 que
802 2140 1009 2224 xcredi
1059 2141 1198 2216 nllo
1235 2151 1429 2238 pacto
1467 2153 1715 2241 potest,
1770 2142 2240 2218 laudandorum
2276 2142 2597 2218 victorum
2640 2161 2875 2212 caussa

648 2251 762 2318 aut
812 2242 1212 2318 comoediam
1266 2254 1478 2318 actam
1530 2269 1718 2339 esse,
1784 2255 1898 2318 ant
1961 2244 2365 2318 comoedum.
2396 2240 2645 2338 aliquid
2695 2241 2877 2314 ceci·-

641 2343 854 2434 niese,
905 2344 1272 2420 cuiusmodi
1322 2348 1719 2422 carminibus
1769 2373 1893 2421 nec
1925 2347 2212 2428 victores
2261 2344 2521 2420 landari
2564 2342 2873 2446 decorum

648 2445 908 2537 suisset,
960 2447 1225 2522 irrideri
1271 2457 1491 2524 autem
1544 2450 1756 2522 ‚victos
1804 2449 2250 2524 inhumanum.
2358 2445 2647 2524 Accedit
2697 2443 2874 2541 quod

645 2555 716 2618 et
768 2548 1126 2620 comoediis
1191 2559 1261 2620 et
1330 2560 1471 2621 arte
1524 2551 1985 2623 comoedorum
2036 2551 2167 2621 iam
2219 2547 2623 2621 decertatum
2675 2559 2872 2642 atque

647 2648 988 2743 utriusque
1069 2649 1331 2744 generis
1405 2651 1690 2722 victores
1763 2651 2150 2728 renunciati'
2209 2659 2416 2724 erant.
2541 2649 2873 2740 Quocirca

646 2749 846 2843 longe
900 2747 1078 2818 alind
1146 2748 1300 2845 quid
1366 2747 1513 2824 istis
1579 2752 1797 2823 verbis
1852 2745 2184 2848 designari
2235 2775 2504 2826 necesse
2557 2759 2688 2823 est.
2787 2747 2871 2821 In

647 2847 1055 2945 Thespiensi
1120 2849 1590 2946 inscriptione,
1665 2875 1830 2949 qnae
1899 2864 2029 2925 est-
2070 2877 2139 2923 ιι.
2212 2854 2434 2926 1585.
2497 2862 2868 2950 postremus

645 2951 1019 3022 nominatur
1051 2947 1202 3025 διὰ·
1225 2948 1533 3028 πάντων
1566 2949 1947 3052 Εὐμάφων
1982 2949 2468 3049 Ἀλεξάνδρου
2500 2948 2866 3035 &contenis

643 3049 755 3123 Eo
807 3051 1170 3148 significari
1222 3078 1405 3146 eum,
1473 3057 1587 3153 qui
1636 3057 1813 3128 inter
1861 3082 2086 3130 omnes
2138 3059 2423 3130 victores
2472 3057 2868 3153 praecipuus

645 3153 972 3226 iudicatus
1024 3163 1225 3245 esset,
1279 3160 1666 3230 monstravit
1699 3158 2082 3231 Boeckhius
2133 3182 2205 3256 p.
2239 3161 2415 3235 768.
2462 3166 2867 3255 apparetque

642 3254 709 3325 id
765 3256 942 3326 clare
996 3279 1082 3326 ex
1131 3255 1257 3329 hac
1304 3258 1453 3355 ipsa
1500 3259 1932 3357 inscriptione
1981 3286 2086 3352 eo,
2142 3260 2312 3357 qnod
2368 3261 2580 3332 solum
2629 3282 2867 3332 nomen

644 3357 915 3429 victoris
966 3353 1094 3429 διὰ
1144 3352 1478 3447 πάντων,
1549 3387 1679 3433 non
1734 3364 1928 3434 etiam
1983 3379 2112 3458 ‘qna
2159 3377 2233 3434 re
2283 3362 2402 3433 ille
2436 3362 2690 3433 'vicerit
2740 3386 2867 3458 po-

644 3458 840 3528 situm
892 3468 1019 3529 est.
1099 3456 1380 3532 Vicerat
1410 3470 1651 3553 autem,
1705 3472 1779 3535 ut
1820 3464 2009 3535 initio
2047 3463 2221 3536 tituli
2252 3464 2594 3558 scriptum,
2646 3489 2866 3559 προς-

645 3555 850 3654 οδίῳ.
950 3558 1162 3631 Plane
1214 3562 1439 3634 eadem
1490 3567 1661 3636 ratio
1716 3575 1818 3638 est
1867 3565 2317 3662 inscriptionis
2358 3568 2578 3641 1586.
2632 3564 2901 3637 docet-·

644 3684 792 3759 qne*
821 3661 1017 3733 etiam
1065 3661 1434 3761 inscriptio,
1465 3668 1693 3740 2758.
1757 3667 1824 3739 ἰῐι
1893 3685 2018 3763 qna
2084 3677 2189 3740 ter
2254 3667 2711 3764 consignatum
2763 3673 2865 3739 est

640 3762 996 3859 praemium
1063 3759 1189 3835 διὰ
1240 3760 1546 3842 πάντων
1595 3769 1906 3861 victoris,
1979 3768 2094 3840 sed
2147 3765 2215 3841 in
2268 3770 2432 3841 solis
2485 3768 2862 3843 certamini-

635 3863 761 3934 bus
809 3865 1204 3938 musicorum
1259 3874 1327 3938 et
1375 3877 1758 3964 poetarum,
1824 3871 1891 3943 in
1947 3894 2111 3967 quoe
2161 3872 2232 3944 id
2282 3872 2497 3962 cadit,
2569 3881 2647 3944 ut
2694 3892 2860 3943 unus

637 3964 1031 4040 rimantium
1086 3978 1385 4041 caeteros
1440 3973 1834 4063 antecellat,
1907 3998 2038 4046 non
2100 3973 2259 4046 item
2322 3975 2393 4045 in
2455 3974 2577 4045 illa
2640 3982 2863 4046 certa·-

641 4066 842 4157 mi'na,
889 4066 961 4137 in
1011 4068 1245 4163 quibus
1293 4071 1460 4144 nihil
1507 4082 1616 4146 est
1664 4074 1795 4148 n‘mi
1844 4083 1959 4146 ant
2012 4075 2271 4148 vincere
2320 4084 2436 4147 aut
2486 4074 2665 4147 vinei
2695 4074 2859 4146 reli-

540 4172 840 4244 27ntnm.
939 4168 1144 4242 Aliud
1192 4170 1344 4265 fuit,
1398 4175 1571 4270 qnod
1620 4176 1703 4250 ἐκ
1749 4170 2058 4252 πάντων
2107 4177 2468 4272 dicebatur,
2523 4200 2653 4273 qno
2699 4175 2856 4248 mihi

633 4270 707 4342 in
760 4269 1262 4364 dissertatione,
1321 4298 1512 4373 qnam
1563 4279 1907 4374 superiore
1958 4304 2127 4352 anno
2157 4280 2262 4352 ·de
2315 4278 2564 4351 duabus
2615 4279 2856 4352 inscri-

629 4372 972 4466 ptionibus
1037 4372 1324 4449 Graecis
1388 4378 1606 4470 edidi,
1674 4380 1781 4451 illi
1846 4381 1971 4452 visi
2036 4390 2190 4457 sunt
2251 4380 2654 4477 significari,
2743 4378 2854 4477 qui
