3192 4992
976 365 1566 430 EMENnArloNEs
1604 366 2079 429 Pmnmcslr.
2511 365 2633 436 141

411 536 574 608 thon
586 584 613 626 ,
672 532 847 630 quod
895 531 1283 606 Boeckhius
1331 539 1598 607 servato
1642 527 1935 630 θρόνος
1970 534 2375 609 nominativo
2420 535 2638 611 intro·

413 636 629 710 duxit.
728 633 952 708 Valde
1003 635 1264 707 diversa
1313 643 1467 708 sunt
1518 636 1863 733 exempla,
1915 659 2084 732 quae
2130 636 2497 731 Matthiae,
2548 639 2636 711 ad

412 762 600 835 quem
639 744 986 834 provocat,
1037 736 1400 864 congessit.
1502 735 1736 834 Neque
1766 737 1935 809 illud
1971 736 2121 810 lieri
2159 746 2407 835 potest,
2460 740 2637 835 qnod
2748 769 2757 780 ²

405 838 792 912 Boeckhins
836 837 1004 928 vult,
1055 846 1132 911 ut
1182 834 1368 911 ἀλλὰ
1396 835 1523 911 καὶ
1553 839 1643 911 sit
1670 862 1938 912 verum
1966 841 2224 930 etiam,
2276 847 2472 936 atque
2506 841 2636 915 hoo
2682 927 2685 934 ι

406 942 644 1015 etiam
707 940 797 1013 sit
850 964 1005 1040 pro
1066 940 1165 1011 iis
1215 962 1420 1067 quae
1468 963 1617 1067 ego
1668 935 1811 1012 tibi
1853 940 2213 1015 concede.
2328 939 2409 1012 Id
2462 942 2636 1014 enim

405 1041 755 1115 dicendum
803 1049 949 1113 erat
998 1038 1186 1113 ἀλλὰ
1233 1068 1360 1115 και
1410 1036 1528 1115 σύ.
1629 1039 1840 1114 Ιιιιιιιο
1890 1043 2294 1140 respondent
2343 1042 2471 1116 sibi
2508 1040 2636 1117 καὶ

407 1150 740 1218 σκᾶπτον
787 1138 1171 1239 μόναρχον
1219 1151 1289 1215 et
1334 1139 1463 1215 καὶ
1507 1139 1829 1237 θρόνον.

614 1243 709 1317 V.
761 1247 933 1322 163.
987 1245 1232 1342 (290.)
1334 1243 1488 1317 Νοιι
1535 1243 1774 1341 probo,
1828 1243 2001 1341 quod
2034 1244 2419 1319 Boeckhius
2467 1247 2634 1321 haec

406 1347 647 1434 verba,
713 1340 1226 1440 μεμάντευμαι
1276 1342 1352 1419 δ’
1409 1342 1527 1419 ἐπὶ
1575 1343 1996 1443 Κασταλίᾳ,
2064 1350 2129 1420 εἰ
2176 1343 2635 1442 μετάλλατόν

405 1475 504 1536 τι,
555 1472 643 1520 ex
645 1447 922 1567 ‘Heyn‘ii
972 1448 1301 1519 sententia
1350 1449 1451 1520 sic
1496 1447 2008 1543 interpretatur.
2073 1450 2149 1521 ei
2193 1447 2393 1549 quid
2431 1473 2630 1521 com-

709 1561 1030 1650 possets
1093 1547 1263 1621 Nam
1328 1572 1409 1620 ea
1473 1572 1593 1645 spe
1661 1573 1886 1622 omncs
1937 1551 2288 1623 consulunt
2338 1552 2631 1623 oracula.

406 1576 638 1746 magis
687 1651 854 1722 mira
883 1650 1237 1722 Dissenius
1287 1649 1559 1723 scribit.
1612 1701 1665 1743 ,,
1643 1674 1866 1746 ‚quum
1917 1652 2116 1723 etiam
2144 1651 2316 1723 falsa
2346 1660 2416 1724 et
2446 1673 2634 1724 men-

408 1753 601 1832 dacia
650 1752 900 1826 somnia
951 1752 1123 1844 sint,
1176 1760 1372 1848 rogat
1420 1775 1572 1823 num
1624 1753 1790 1825 haec
1837 1776 1948 1825 res
1998 1753 2153 1826 talis
2204 1754 2318 1844 sit,
2370 1752 2454 1826 de
2504 1776 2634 1850 qua

408 1854 779 1927 accuratius
831 1852 1309 1949 quaerendum,
1364 1852 1445 1925 de
1498 1876 1628 1949 qua
1678 1854 1935 1926 consuli
1986 1862 2183 1950 queat
2233 1855 2421 1947 dens,
2474 1854 2630 1952 quid

405 1955 584 2028 sacto
650 1979 849 2052 opus
880 1955 995 2026 sit.
1013 1960 1068 2001 ‘⁶
1168 1954 1381 2046 Quid.
1365 1947 1402 2006 Ρ
1476 1956 1741 2048 rogavit
1803 1979 1967 2051 ergo
2032 1957 2410 2049 oraculum,
2476 1980 2632 2028 num

404 2063 586 2129 esset
638 2056 970 2128 oraculum
1023 2056 1388 2152 rogandum
1406 2048 1445 2128 Ρ
1544 2055 1759 2130 Recte
1810 2057 2242 2131 scholiastes.
2313 2061 2379 2131 εἰ
2426 2058 2634 2152 ἔρευ-

402 2155 665 2253 νητέον
711 2183 785 2230 τι
832 2151 1124 2231 τούτων
1172 2155 1301 2231 καὶ
1350 2156 1835 2254 φροντιστέον
1883 2149 1995 2232 ὧν
2045 2155 2085 2231 ὃ
2125 2158 2407 2254 ὄνειρος
2434 2156 2621 2233 καθ’

404 2256 685 2341 ὕπνους
743 2254 1104 2346 ὑπέθετο,
1183 2256 1564 2334 τουτέστιν
1628 2262 1693 2331 εἰ
1752 2258 2138 2378 πρακτέον.
2257 2261 2633 2361 Quaerebat

403 2362 523 2434 ille
574 2385 663 2433 ex
705 2361 1000 2450 aracaio,
1055 2383 1137 2430 an
1173 2359 1527 2431 curandum
1571 2359 1740 2431 illud
1781 2362 2128 2452 somnium,
2177 2347 2630 2433 tribuendum-

407 2486 533 2558 que
585 2461 649 2533 ei
701 2459 949 2556 aliquid
1000 2467 1205 2531 esset.
1303 2460 1688 2532 Buttmanni
1728 2459 2084 2558 disputatio
2137 2461 2220 2534 de
2259 2463 2795 2557 μεταλλᾶν13-

273 2595 278 2600 ·
406 2572 476 2635 et
527 2560 887 2650 μέταλλον
934 2561 1006 2632 in
1054 2559 1382 2658 Lexilog.
1432 2560 1500 2633 I.
1549 2585 1623 2658 p.
1678 2562 1852 2637 139.
1902 2587 1964 2635 s.
2025 2587 2258 2660 parum
2305 2563 2469 2636 mihi
2516 2586 2632 2636 sa·
2726 2633 2731 2648 ,

404 2663 682 2737 tisfacit.
1718 2731 1727 2736 ,
2412 2707 2423 2716 -

607 2764 705 2837 V.
761 2766 932 2838 184.
1000 2762 1247 2861 (328.)
1310 2788 1443 2835 non
1508 2772 1615 2836 est
1677 2764 1817 2836 veri
1883 2764 2099 2836 simile
2162 2772 2239 2838 ut
2298 2761 2631 2839 Pindarus

406 2867 751 2963 scripserit
800 2860 1229 2962 πρόςδαιεν,
1296 2864 1471 2960 quod
1521 2864 1809 2939 coniecit
1855 2863 2239 2938 Boeckhius
2291 2890 2380 2938 ex
2428 2867 2631 2940 scho-

404 2970 641 3041 liastae
690 2967 1235 3064 interpretatione
1284 2964 1564 3040 ἐπέκαιε
1614 2964 1743 3040 καὶ
1781 2965 2105 3064 ἐνέβαλε.
2203 2966 2421 3041 Nimis
2453 2968 2629 3041 enim

403 3071 770 3144 insolenter
818 3068 1150 3141 diceretur
1189 3063 1584 3163 πρόςὸαιεν
1618 3069 1755 3141 ista
1792 3076 2149 3166 potestate.
2248 3067 2429 3143 Mihi
2455 3070 2631 3143 scri-

403 3173 621 3269 psisse
671 3170 932 3243 videtur
976 3167 1346 3241 Pindarus.

655 3319 792 3397 τὸν
859 3317 941 3396 δὲ
1011 3322 1398 3418 παμπειθῆ
1467 3316 1752 3422 γλυκυν
1818 3316 2157 3416 ἡμιθέοις
2230 3318 2314 3395 εν
2373 3314 2625 3395 πόθον

1721 3416 2060 3497 ὃαίεσκεν
2086 3419 2287 3521 Ἥρα

656 3520 837 3608 ναὸς
868 3522 1195 3625 Ἀργοῖης

609 3676 708 3750 V.
760 3677 935 3752 225.
995 3673 1250 3773 (400.)
1369 3673 1560 3748 Non
1585 3674 1786 3749 credo
1850 3673 2212 3747 Pindarum
2275 3674 2626 3802 scripsisse
2708 3760 2719 3766 ,
2870 3711 2881 3718 ’

412 3780 588 3878 quod
636 3778 1018 3852 Boecklnius
1068 3777 1290 3868 dedit,
1358 3778 1431 3850 οἳ
1478 3771 1698 3877 φλόγ’
1758 3773 1905 3849 ἇπὸ
1955 3777 2256 3859 ξανθᾶν
2284 3770 2626 3876 γνάθων

409 3888 684 3958 πνεῦνε
749 3905 898 3953 nam
946 3879 1283 3976 vulgarius
1349 3880 1480 3952 hoc
1542 3901 1736 3974 quam
1798 3872 2090 3977 γενύων
2138 3886 2279 3951 est.
2349 3900 2431 3951 ac
2477 3902 2626 3951 ιιιιι-

410 3985 578 4057 tavit
602 3981 986 4055 Boeckhius
1034 3980 1425 4053 sententiam
1475 3980 1547 4051 in
1596 3979 2060 4052 dissertatione
2110 3981 2434 4076 criticap
2441 3981 2623 4070 ..39

411 4085 573 4157 milu
622 4084 987 4158 assentiens
1050 4081 1425 4154 defendenti
1486 4081 1851 4177 vulgatum.
1951 4077 2095 4154 Sed
2141 4089 2359 4154 tamen
2407 4079 2627 4151 faten-

414 4188 565 4260 dum
617 4185 807 4259 valde
858 4186 1055 4257 duras
1106 4207 1255 4256 esse
1300 4183 1466 4256 istas
1514 4183 1587 4255 in
1633 4180 1888 4256 duobus
1918 4183 2247 4279 contiguis
2286 4180 2624 4254 vocabulis

255 4347 260 4350 Α
414 4289 926 4363 contractiones.
970 4287 1249 4378 Ι(ἓιιειιιι
1313 4308 1511 4411 quum
1574 4283 1968 4357 scholiastes
2019 4284 2303 4373 scribat,
2367 4280 2629 4367 οἵτινες

313 4463 330 4470 ,
361 4415 370 4419 ·
411 4397 571 4467 τῶν
620 4391 931 4475 ξανθῶν
990 4381 1283 4490 γενύων
1331 4379 1578 4487 φλόγα
1626 4383 1991 4462 ἀπέπνεον
2037 4381 2435 4479 καιομένου
2485 4408 2629 4460 πυ·
