3192 4992
724 346 856 406 DE
896 344 1269 408 AESCHYLI
1311 341 1679 406 Tuumns
1722 341 2120 408 THEBAle.
2274 343 2279 348 ’
2434 342 2563 414 m

195 543 204 563 ι
335 509 616 607 exponit
637 508 1073 606 Agamemno,
1126 507 1475 584 admiscuit
1506 479 1905 604 Aeschylus.
1982 508 2092 582 Ea
2119 510 2351 607 paucis
2376 535 2575 587 eom*

329 613 576 709 plexus
639 611 1097 707 Apollodorus
1161 610 1264 683 sic
1322 610 1567 684 refert.
1653 607 1754 692 ὥς
1815 607 1898 684 δε
1960 604 2204 705 ἦλθον
2266 616 2368 695 εἰς
2426 612 2562 688 τὸν
2698 643 2703 648 ·

334 714 808 806 Κιθαιρῶνα,
859 711 1227 808 πέμπουσι
1266 705 1508 790 Τυδέα
1548 717 2009 808 προεροῦντα
2045 711 2397 786 Ἐτεοκλεῖ
2420 714 2561 811 τὴν

332 812 722 912 βασιλείαν
798 818 1272 910 παραχωρεῖν
1339 811 1778 889 Πολυνείκει
1838 810 2048 886 καθὰ
2130 814 2558 890 συνέθεντο,

331 913 434 1010 μὴ
460 914 937 1010 προςέχοντος
966 912 1049 989 δὲ
1077 914 1550 1002 Ἐτεοκλεους,
1603 909 1995 1009 διάπειραν
2021 921 2179 989 τῶν
2211 916 2561 1012 Θηβαίων

187 1019 192 1028 ‘
311 1014 622 1098 «Τυδεὺς
667 1005 1128 1112 ποιούμενος,
1179 1015 1363 1092 καθ’
1425 1017 1559 1090 ἕνα
1608 1010 2204 1114 προκαλούμενος
2252 1015 2561 1093 πάντων

328 1116 798 1245 περιεγένετο.
930 1119 1000 1190 οἳ
1075 1115 1159 1192 δε
1237 1113 1693 1213 πεντήκοντα
1769 1115 2056 1215 ἄνδρας
2131 1116 2562 1203 ὁπλίσαντες

243 1276 246 1281 .
330 1214 648 1292 ἀπιόντα
698 1215 1099 1314 ἐνήδρευον
1163 1215 1420 1295 αὐτόν.
1519 1214 1806 1302 πάντας
1870 1216 1953 1292 δὲ
2017 1217 2309 1302 αὐτους
2327 1248 2561 1315 χωρις

330 1319 679 1402 Μαίονος
729 1320 1135 1408 ἀπέκτεινε,
1199 1321 1506 1397 κᾶπειτα
1556 1318 1714 1395 ἐπὶ
1739 1317 1824 1393 τὸ
1874 1316 2378 1416 στρατόπεδον
2424 1319 2555 1418 ⁷³72-

327 1424 496 1496 θεν.
597 1421 732 1494 Illa
797 1423 1004 1518 igitur
1065 1426 1132 1494 in
1199 1422 1421 1494 fabula
1483 1423 1683 1493 etiam
1754 1422 1870 1500 de
1902 1423 2156 1496 somnio
2219 1423 2552 1516 Eteoclis,

329 1524 516 1598 cuius
565 1523 636 1597 in
688 1522 964 1621 Septem
1017 1523 1100 1595 ad
1134 1511 1408 1595 Thebas
1459 1523 1706 1596 mentio
1756 1523 1935 1595 facta
1974 1533 2123 1616 est,
2176 1526 2555 1622 expositum

328 1649 476 1696 esse
527 1624 777 1698 debuit.
892 1623 1148 1699 Nomen
1219 1649 1370 1698 vero
1436 1625 1614 1720 quod
1676 1624 1834 1697 huic
1896 1626 2279 1721 tragoediae
2343 1627 2553 1700 fuisse

328 1726 550 1821 aliqua
602 1750 749 1799 cum
797 1727 1262 1822 probabilitate
1315 1727 1565 1817 dicam,
1639 1751 1770 1799 non
1836 1726 2078 1798 habere
2141 1752 2246 1799 me
2310 1727 2554 1801 fateor.

325 1824 479 1899 Nisi
529 1827 702 1899 forte
766 1828 1103 1924 appellata
1164 1827 1293 1899 fuit
1337 1827 1580 1923 Argivi
1631 1835 1745 1900 aut
1793 1828 2113 1923 Argivaes
2229 1827 2372 1904 Sed
2422 1830 2554 1904 hoc
2592 1887 2595 1894 .

302 1926 701 2002 dubitanter
750 1928 925 2002 dico.
1024 1927 1213 2001 Bene
1263 1928 1438 2002 enim
1480 1929 1650 2021 scie,
1704 1936 2012 2025 quantum
2057 1954 2139 2002 ea
2172 1930 2555 2004 coniectura

322 2029 686 2124 periculum
740 2031 1031 2104 subeam.
1112 2028 1584 2106 Verumtamen
1639 2055 1772 2104 non
1821 2030 2160 2105 affirmare·
2200 2032 2554 2129 quidquam

325 2131 518 2221 volo,
586 2130 704 2203 sed
756 2155 1114 2228 quaerere,
1181 2157 1334 2204 num
1353 2182 1384 2223 ,
1443 2155 1611 2228 quae
1661 2132 1927 2204 obstare
1979 2133 2321 2224 videntur,
2387 2135 2552 2206 talia

324 2232 496 2323 sint,
562 2241 638 2304 ut
687 2240 1051 2329 nequeatur
1100 2231 1183 2304 de
1233 2233 1508 2328 Argivis
1559 2232 1870 2327 cogitari.
1973 2230 2151 2306 Sunt
2200 2257 2284 2306 ea
2333 2242 2551 2307 autem

321 2332 489 2406 llaec
540 2334 709 2424 duo,
775 2358 1011 2424 unum,
1077 2333 1256 2429 quod
1306 2333 1551 2429 Argivi
1616 2333 1838 2404 fabula
1888 2334 2174 2428 satyrica
2224 2358 2372 2406 esse
2424 2336 2552 2406 visi

315 2431 512 2522 ‘sunt3
585 2435 892 2525 alterum,
945 2435 1146 2530 quod,
1213 2434 1409 2506 etiam
1476 2434 1536 2505 si
1585 2434 1932 2529 tragoedia
1979 2435 2142 2526 fuit,
2196 2460 2328 2508 non
2379 2460 2547 2532 quae

292 2545 475 2608 -ante
524 2533 801 2631 Septem
853 2535 935 2606 ad
987 2535 1301 2628 Thebas,
1368 2534 1486 2609 sed
1537 2558 1705 2632 quae
1756 2544 1911 2630 post
1958 2544 2149 2632 gesta
2198 2545 2386 2629 snut,
2440 2539 2645 2612 te-18

318 2637 547 2708 nuisse
610 2637 1049 2710 existimatur.
1163 2637 1271 2709 Ac
1333 2636 1684 2731 satyricam
1746 2635 1954 2709 fuisse
2001 2636 2415 2732 Hesychius,
2462 2641 2549 2711 si

318 2746 506 2812 recte
555 2736 931 2812 emendatus
982 2746 1111 2830 est,
1164 2737 1398 2813 testari
1449 2737 1743 2810 videtur
1759 2737 1831 2810 iu
1879 2737 2218 2832 ἐμμέλεια
2260 2739 2364 2812 his
2394 2764 2550 2812 ver-

319 2838 461 2914 bisz
513 2836 862 2965 τραγικὴ
874 2836 956 2913 δε
1008 2839 1323 2936 ὄρχησις.
1409 2834 1825 2939 Ἀργυρίοις
1862 2836 1946 2912 δε
1972 2835 2342 2935 Αἰσχύλος
2375 2840 2551 2917 ἀντὶ

318 2947 455 3014 τοῦ
507 2935 902 3035 σατυρική,
965 2938 1011 3035 ἢ
1075 2943 1230 3013 ἐστι
1281 2937 1612 3023 σίκιννις.
1733 2938 1873 3012 Pro
1910 2938 2326 3041 ’Λργυρίοις
2374 2945 2548 3016 scri·—

324 3041 483 3116 bunt
546 3042 673 3114 viri
724 3040 904 3116 docti
939 3039 1328 3141 Ἀργείοις,
1398 3065 1525 3114 nec
1589 3040 1814 3113 dubito
1882 3042 2039 3140 quin
2104 3053 2312 3116 reete.
2433 3044 2547 3117 Eo

319 3143 528 3239 igitur
589 3142 967 3216 testimonio
1031 3142 1415 3217 Boeckhius
1496 3142 1565 3213 in
1629 3143 1803 3224 libro
1870 3167 2060 3239 quem
2126 3144 2397 3240 scripsit
2460 3146 2543 3219 de

319 3244 595 3341 tragicis
625 3241 910 3318 Graecis
959 3270 1030 3341 p.
1084 3246 1209 3320 30.
1309 3243 1603 3339 Argivos
1652 3243 1723 3316 in
1772 3245 2076 3339 satyricis
2127 3245 2367 3318 fabulis
2417 3270 2551 3318 nu-

319 3346 620 3436 meravit,
672 3354 854 3420 recte
903 3370 1088 3436 sane,
1139 3345 1199 3418 si
1247 3345 1418 3416 nihil
1469 3344 1616 3416 vitii
1666 3354 1769 3418 est
1817 3347 1886 3417 iu
1937 3347 2156 3418 verbis
2194 3346 2553 3442 Hesychii.

319 3445 418 3519 Et
467 3447 810 3520 videantur
869 3472 953 3519 ea
1015 3448 1299 3522 fortasse
1359 3445 1515 3522 iude
1580 3446 1829 3542 aliquid
1891 3448 2208 3543 praesidii
2271 3449 2538 3567 habere,

322 3548 496 3645 quod
531 3546 876 3624 Lucianus
926 3549 1008 3620 de
1059 3550 1285 3622 saltat.
1335 3573 1399 3622 c.
1454 3539 1601 3621 22.
1634 3547 1732 3622 Τ.
1762 3546 1866 3620 Π.
1917 3574 1990 3646 p.
2025 3553 2200 3624 280.
2254 3551 2539 3623 onmium

319 3650 583 3722 nomina
632 3650 829 3724 trium
894 3649 1311 3726 saltationum
1363 3651 1770 3722 scenicarum
1830 3650 1913 3722 ab
1965 3648 2226 3746 Satyris
2274 3651 2553 3726 inventa·

323 3751 517 3824 dixit.
632 3750 794 3826 Sed·
836 3752 1185 3848 permirum
1252 3760 1471 3823 tamen
1535 3760 1683 3842 est,
1754 3776 1959 3847 quum
2014 3760 2117 3824 tot
2176 3753 2539 3848 scriptores

321 3853 705 3948 ἐμμελειαν
756 3854 1047 3950 tragicae
1100 3852 1470 3928 saltationis
1520 3877 1756 3926 nomen
1799 3877 1946 3925 esse
1988 3862 2334 3945 testentur,
2386 3858 2540 3930 nul-

321 3953 456 4028 lum
509 3979 734 4028 eorum
769 3964 1047 4052 praeter
1077 3954 1477 4049 Hesychinm
1530 3954 1699 4026 illud
1749 3977 1985 4027 nomen
2038 3955 2236 4027 etiam
2287 3957 2397 4029 ad
2424 3955 2538 4031 σί-

320 4084 566 4140 κιννιν
627 4058 1015 4130 translatum
1079 4054 1326 4128 dicere.
1442 4054 1669 4145 Quare
1732 4079 1969 4140 vereor
2028 4079 2112 4128 ne
2162 4051 2536 4153 Hesychius

323 4159 422 4231 sic
472 4159 850 4256 scripserit.
902 4154 1258 4286 τραγικὴ
1254 4153 1335 4229 δὲ
1376 4156 1708 4254 ὄρχησις·
1760 4151 2130 4250 Αἰσχύλος
2162 4157 2533 4276 Ἀργείοις.

201 4311 206 4322 ι
319 4254 415 4377 ᾖν
463 4258 547 4334 δὲ
597 4258 723 4334 καὶ
772 4256 1163 4387 σατυρική,
1228 4255 1273 4353 ἥ
1322 4259 1475 4332 ἐστι
1527 4256 1720 4334 σίκιν
1723 4285 1858 4333 νιε.
1962 4257 2161 4331 Certe
2213 4261 2313 4332 sic
2362 4260 2534 4330 idem

321 4363 391 4434 iu
443 4361 786 4502 σίκιννις.
849 4356 944 4457 ἧν
992 4358 1078 4435 δε
1126 4387 1280 4436 και
1300 4357 1640 4502 ἐμμέλεια
1687 4355 2035 4463 τραγική,
2084 4358 2215 4435 καὶ
2249 4358 2537 4496 κωμικὴ
