3192 4992
767 334 872 395 us
913 329 1266 399 umnam:
1290 331 1662 395 mmcmus
1706 332 2142 397 rosunum.
2414 409 2421 412 v
2484 330 2574 397 95

347 524 571 574 verum
618 493 742 570 illa
792 499 1133 591 accedere,
1187 519 1353 597 quae
1405 497 1579 595 apud
1613 497 1986 572 Zenobiam
2035 508 2121 571 et
2143 496 2415 573 Snidam
2469 501 2576 572 le-

344 610 615 699 guntur,
670 624 711 671 a
762 601 997 696 quibus
1046 626 1180 673 non
1230 603 1432 697 longe
1483 602 1567 675 ἐν
1606 596 1902 684 κόλποις
1941 600 2110 672 illud
2150 602 2574 697 quorumdam

346 705 557 776 abest.
675 700 845 773 Nam
913 703 1100 798 quasi
1166 711 1455 775 tesseras
1523 703 1630 773 illi
1698 702 2164 798 intelligendas
2231 704 2571 799 putabant,

303 821 308 824 “
345 829 508 902 quas
559 804 629 876 in
682 804 935 900 gremio
987 804 1240 902 positas
1307 804 1624 875 haberent
1674 803 1806 874 dii·
1786 855 1804 876 .
1890 805 2136 875 rectius
2201 812 2416 876 sortes
2468 804 2576 875 di-

342 1005 573 1081 Iovem
622 1008 690 1078 in
749 1007 1004 1079 bilance
1055 1015 1270 1080 sortes
1313 1005 1689 1079 mortiferas
1723 1006 2089 1103 ponderare
2115 1007 2290 1079 idem
2323 1005 2580 1078 Home-

343 1135 461 1181 rus
512 1109 728 1181 finxit.

547 1209 747 1307 Apud
797 1207 1135 1302 Romanos
1188 1231 1446 1305 quoque
1498 1206 1580 1280 de
1633 1206 1917 1304 quinque
1967 1206 2293 1279 iudicibus
2344 1191 2582 1304 poeta-

345 1338 489 1384 rum
559 1310 808 1407 aliquid
889 1309 1220 1408 proditum
1294 1318 1398 1382 est
1477 1334 1518 1381 a
1584 1317 2094 1382 commentatore
2160 1307 2429 1381 Horatii
2495 1310 2579 1381 ad

346 1413 570 1487 Serm.
622 1411 685 1484 Ι.
744 1415 879 1502 10,
948 1414 1074 1486 38.
1141 1411 1245 1482 his
1313 1411 1569 1483 verbis.
1652 1412 2009 1484 Maecius
2079 1411 2360 1507 Tarpa
2401 1408 2585 1507 ficit

346 1514 599 1589 iudea:
631 1515 979 1602 criticus,
1033 1510 1350 1585 medetur
1379 1511 1749 1585 asst’duue
1788 1522 2237 1608 poematum
2279 1522 2359 1585 et
2394 1533 2578 1633 poe-

347 1630 613 1690 tamem
661 1618 747 1687 in
797 1612 991 1688 aede
1041 1612 1431 1712 Apollinis
1480 1637 1620 1687 eeu
1669 1616 2119 1702 Musarum,
2173 1636 2380 1714 quae
2427 1615 2587 1687 nisi

348 1746 407 1792 a
438 1719 720 1813 Tarpa
770 1727 919 1788 aut
962 1716 1121 1788 alio
1171 1716 1470 1805 critic-0,
1525 1717 1668 1817 qui
1711 1740 2037 1788 numero
2085 1726 2323 1787 erant
2358 1717 2580 1815 quin-
2648 1779 2661 1788 ,

404 1842 503 1892 ue
517 1870 542 1909 ,
609 1813 1147 1915 probarentur
1160 1868 1183 1905 ,
1256 1818 1343 1888 iu
1408 1840 1728 1891 scenam
1788 1841 1950 1890 reon
1998 1811 2578 1911 deferebantur.

351 1847 495 1994 §ed
545 1920 675 1991 hoc
725 1918 1195 2008 testimonium,
1249 1917 1330 1989 de
1383 1942 1512 2016 quo
1566 1918 1761 1991 docte
1806 1918 2119 1990 disseruit
2136 1915 2579 1991 Weichertus

347 2024 419 2096 in
485 2021 842 2093 Poetarum
906 2017 1305 2104 Latinorum
1369 2020 1668 2115 reliquiis
1735 2045 1804 2117 p.
1873 2022 2068 2093 334
2088 2043 2290 2114 seqq.
2343 2019 2578 2092 merito

352 2131 729 2221 suspectum
781 2129 886 2193 est
935 2121 1096 2192 viris
1149 2120 1404 2194 doctis:
1477 2123 1736 2194 tametsi
1789 2122 1958 2193 illud
2010 2146 2140 2192 non
2190 2120 2630 2193 incredibile9

352 2234 480 2317 est,
535 2249 733 2320 quum
784 2247 825 2294 a
868 2221 1155 2295 Neronis
1207 2222 1613 2320 temporibus
1664 2223 1916 2297 iudices
1969 2231 2307 2318 poetarum
2361 2222 2584 2295 sceni-

353 2350 579 2400 corum
630 2332 1097 2414 memorentur,
1153 2323 1232 2394 de
1287 2345 1415 2421 qua
1466 2347 1539 2395 re
1593 2324 1767 2395 dixit
1798 2322 2169 2430 Langius
2147 2347 2217 2393 ιιι
2246 2320 2584 2394 Vindiciis

214 2446 222 2453 ·
352 2426 736 2541 tragoediae
787 2425 1124 2497 Romanae
1175 2449 1245 2521 p.
1299 2428 1423 2502 24.
1403 2475 1452 2517 .,
1509 2425 1580 2496 in
1631 2449 1901 2497 numero
1955 2447 2212 2521 quoque
2264 2424 2586 2496 adscitum
2670 2512 2677 2520 θ

354 2554 521 2607 esse
556 2536 804 2598 morem
856 2523 1212 2599 Graecum.

455 2628 753 2701 Praefati
817 2628 982 2699 haec
1048 2652 1310 2720 sumus,
1384 2627 1614 2725 optimi
1669 2624 2169 2700 Commilitones
2188 2678 2212 2717 ,
2274 2625 2588 2744 ,quoniam

357 2755 526 2803 nova
574 2730 987 2802 institutione
1040 2730 1225 2801 vobis
1278 2753 1537 2825 quoque
1590 2735 1659 2801 et
1701 2729 1998 2801 certandi
2048 2736 2116 2800 et
2152 2727 2444 2825 praemia
2470 2750 2589 2799 ca-
2686 2799 2689 2802 n

356 2831 583 2929 piendi
634 2831 1091 2929 opportunitas
1158 2830 1443 2904 dabitur.
1545 2828 1907 2903 Decretum
1971 2837 2074 2902 est
2138 2829 2311 2901 enim
2360 2828 2592 2927 provi-

362 2932 585 3004 dentia
634 2939 702 3002 et
748 2932 1147 3004 liberalitate
1184 2929 1498 3027 Supremi
1548 2932 1852 3028 publicae
1902 2919 2338 3003 institutionis
2373 2929 2590 3001 Prae·-

362 3034 551 3123 sidii,
618 3040 691 3104 ut
741 3040 970 3103 nostra
1018 3056 1276 3127 quoque
1327 3034 1398 3106 in
1449 3031 1904 3104 Vniversitate
1955 3033 2363 3123 litterarum,
2416 3032 2591 3103 sicut

361 3135 431 3208 in
482 3134 634 3205 aliis
667 3132 1073 3223 Academiis,
1127 3134 1544 3227 quaestiones
1596 3134 1913 3206 studiosis
1964 3132 2306 3205 iuvenibus
2339 3135 2592 3229 propo-

345 3243 701 3325 nerentur,
754 3233 837 3304 ad
889 3257 1051 3328 quas
1104 3233 1217 3330 qui
1268 3234 1513 3330 optime
1564 3235 2088 3332 respondissent,
2141 3233 2431 3330 praemio
2476 3257 2591 3304 or-

361 3345 702 3410 narentur.
824 3333 1016 3425 Quod
1085 3358 1294 3428 genus
1362 3337 1729 3408 aemulandi
1799 3347 1994 3432 quuin
2061 3335 2221 3405 alibi
2284 3357 2591 3430 magnum

365 3439 732 3511 studiorum
795 3437 1281 3508 incitamentum
1350 3460 1497 3508 esse
1564 3439 2018 3527 existimetur,
2090 3460 2173 3507 ne
2240 3435 2439 3532 apud*
2465 3459 2589 3508 nos

367 3540 628 3636 quidem
679 3538 887 3608 visum
956 3544 1059 3608 est
1113 3535 1476 3608 desiderari
1527 3540 1790 3629 debere,
1846 3538 2233 3635 praesertim
2282 3538 2593 3624 immuta-

367 3643 574 3732 tione,
630 3662 795 3736 quae
847 3638 928 3709 ad
978 3638 1215 3710 melius
1268 3637 1592 3730 tenderet,
1645 3665 1866 3722 rerum
1904 3647 2271 3711 nostrarum
2306 3639 2601 3712 omnium.

367 3743 518 3826 fieri
569 3749 829 3838 coepta.
928 3738 1027 3811 Et
1079 3739 1379 3837 profecto
1432 3739 1696 3812 litterae
1739 3766 1870 3813 non
1912 3739 2398 3838 posthabendae
2439 3748 2591 3812 sunt
2726 3802 2732 3807 .

369 3844 652 3918 caeteris
705 3841 993 3931 artibus,
1067 3864 1228 3937 quas
1295 3840 1530 3935 genius
1582 3844 1793 3914 seculi
1843 3854 1916 3914 ut
1966 3843 2195 3938 plenas
2245 3841 2417 3914 lucri
2467 3865 2601 3913 ex-.

367 3954 721 4043 pertesque
795 3942 1075 4040 periculi
1154 3941 1335 4013 fovet
1412 3943 1794 4040 praecipue.
1853 3954 1860 3964 “
1926 3941 2060 4015 Est
2124 3943 2297 4014 enim
2360 3963 2593 4014 revera

373 4071 529 4118 suus
583 4046 815 4141 cuique
868 4068 1029 4115 aevo
1080 4043 1354 4139 genius,
1429 4067 1558 4139 quo
1627 4044 1885 4116 nomine
1938 4052 2082 4114 e‘am
2133 4044 2591 4117 necessitatem

374 4148 807 4245 appellamus,
862 4169 1027 4241 quae
1080 4144 1340 4216 occulta
1392 4143 1670 4239 quadam
1720 4145 1786 4215 vi
1817 4151 2067 4218 mentes
2110 4143 2441 4217 hominum
2469 4144 2594 4215 du-

374 4250 491 4321 cit.
594 4247 702 4319 Ea
753 4272 881 4343 quo
922 4246 1156 4343 tendit,
1211 4245 1566 4340 sequimur,
1621 4246 1920 4343 plerique
1955 4245 2163 4336 caeci,
2215 4245 2406 4320 multi
2439 4269 2595 4344 spe-

373 4357 634 4440 rantes,
701 4349 902 4446 aliqui
953 4348 1179 4420 resisti
1229 4371 1361 4419 non
1410 4365 1611 4443 p'osse
1662 4347 1984 4424 videntes.
2083 4344 2255 4420 Nam
2306 4345 2456 4432 dum
2503 4347 2596 4419 li-
