3192 4992
890 338 1035 405 nn
1073 343 1565 405 nmonnonro
1610 330 2067 435 dummoc.
2479 324 2618 416 m

378 510 627 601 rietes,
664 444 898 606 ciuibus
933 470 1570 602 distel-minarentur,
1620 511 1941 608 ampliore
1980 513 2258 608 spatio,
2253 517 2448 609 quam
2479 518 2606 612 ιιι-ἁ

380 612 518 684 loci
569 613 825 703 natura,
881 636 1047 707 opus
1098 613 1325 711 fuisse.
1428 610 1539 685 Ita
1592 636 1745 684 vero
1779 615 1988 684 satius
2025 622 2170 686 erat
2199 616 2420 687 nullos
2451 626 2608 689 cur-4

382 737 570 785 ceres
620 731 797 785 esse.
899 712 1051 784 Non
1105 715 1276 785 enim
1328 738 1726 810 magnopere
1766 715 2121 791 verendum
2172 718 2432 788 eratne
2461 719 2604 792 sine

381 815 718 911 repagulis
769 815 1129 887 ferocirent
1189 816 1341 911 eqni
1393 841 1654 888 cursum
1705 825 2097 912 expetentes
2108 864 2135 908 ,
2213 819 2458 915 quippe
2507 821 2607 892 si·-

379 940 578 1012 gnum
632 925 1022 1012 exspectare
1086 918 1405 1008 exerciti,
1479 927 1554 988 ut
1617 919 1772 1013 equi
1833 918 2181 991 militares.
2298 920 2494 1012 Quod
2543 922 2607 994 si

377 1024 592 1088 tamen
646 1018 871 1113 aliquo
922 1016 1119 1090 modo
1168 1019 1518 1091 coercendi
1568 1018 1890 1110 fuissent,
1956 1021 2123 1092 satis
2172 1024 2317 1094 erat
2361 1022 2604 1096 lineam

375 1118 759 1216 praetendi,
826 1142 994 1214 quae
1059 1121 1251 1215 siguo
1304 1121 1458 1192 dato
1509 1120 1804 1192 caderet.
1904 1119 2160 1194 Verum
2209 1124 2607 1220 relinquitur

378 1221 511 1290 ulia
563 1219 908 1293 dubitatio.
1023 1220 1191 1293 Nam
1260 1246 1452 1318 quum
1522 1222 1637 1318 qui
1686 1223 1998 1294 certaturi
2050 1231 2239 1295 erant
2283 1248 2459 1315 non,
2529 1231 2606 1298 ut

375 1321 553 1417 apud
602 1321 980 1413 Romanos,
1057 1323 1357 1420 pluribus
1421 1324 1733 1420 deinceps
1796 1325 2143 1416 missibus,
2221 1326 2344 1397 sed
2405 1326 2606 1399 simul

322 1444 327 1451 “
376 1447 603 1494 omnes
656 1437 1021 1516 currerent,
1076 1425 1335 1521 quando
1385 1448 1596 1520 neque
1649 1420 1956 1522 ἔφεδρος
2003 1426 2073 1498 in
2118 1429 2409 1522 equestri
2453 1452 2606 1500 cer·-
2701 1501 2710 1507 ,

376 1525 619 1595 tamine
671 1526 1187 1621 relinquebatur,
1241 1536 1311 1597 et
1359 1551 1528 1601 unus
1579 1534 1833 1598 tautum
1884 1551 1971 1598 ex
2022 1529 2320 1600 omnibus
2372 1529 2605 1602 victri-

378 1649 520 1697 cem
574 1650 882 1698 coronam
935 1629 1340 1724 accipiebat,
1415 1628 1700 1699 dubitari
1767 1636 2012 1725 potest.
2055 1652 2138 1700 an
2191 1638 2308 1702 -tot
2369 1655 2603 1705 currus

378 1736 540 1822 quot
590 1729 921 1800 venissent
969 1737 1039 1801 et
1087 1739 1264 1802 stare
1311 1731 1582 1802 iunctim
1621 1737 1691 1802 et
1722 1742 1988 1802 currere
2022 1732 2383 1827 potuerint.
2423 1731 2605 1805 .Fe··

376 1829 472 1900 cit
521 1827 911 1925 Viscontius
960 1830 1033 1902 in
1084 1856 1211 1903 una
1262 1832 1488 1927 oppidi
1539 1832 1647 1902 ala
1700 1855 2003 1904 carceres
2055 1830 2284 1921 VIII,
2336 1832 2602 1906 Hirtius

373 1927 534 2021 XI,
587 1939 661 2002 ut
710 1933 1008 2003 curribus
1056 1933 1129 2003 in
1181 1940 1322 2004 toto
1376 1933 1621 2030 oppido
1673 1932 1887 2005 XVI.
1940 1935 2045 2007 vel
2098 1933 2358 2005 XXII.
2410 1934 2601 2008 locus

372 2031 597 2102 suerit.
713 2030 897 2104 Sane
959 2032 1336 2130 Sophocles
1397 2036 1466 2105 in
1526 2033 1807 2106 Electra
1857 2034 2206 2130 Pythicum
2272 2046 2607 2116 certamen¹

373 2130 597 2202 decem
648 2134 949 2205 curribus
1000 2145 1218 2207 aetum
1270 2136 1663 2230 descripsit:
1731 2135 1847 2206 sed
1898 2137 2030 2208 ista
2080 2137 2238 2208 fieta
2287 2145 2477 2226 sunt,
2529 2145 2602 2210 et

368 2234 597 2329 plures
649 2234 709 2304 si
760 2248 1209 2310 enumerasset
1255 2245 1494 2331 poeta,
1567 2236 1916 2332 fatigasset
1967 2238 2326 2309 auditorcS.
2428 2238 2602 2310 Pin-v·
2640 2311 2644 2315 .

371 2334 571 2404 (larus
623 2359 778 2406 vero
828 2337 895 2406 iu
948 2336 1185 2417 iisdem
1235 2337 1411 2408 ludis
1461 2339 1528 2407 in
1571 2362 1729 2409 vero
1771 2341 2126 2409 certamine
2166 2339 2602 2435 quadraginta

370 2438 757 2506 memoravit
806 2437 1161 2532 quadrigas
1210 2436 1427 2532 Pyth..
1464 2436 1561 2510 V.
1613 2441 1741 2513 64.
1795 2463 1962 2534 quae
2014 2441 2076 2511 si
2127 2462 2350 2512 omnes
2403 2440 2602 2512 simul

369 2537 611 2607 missae
662 2545 854 2628 sunt,
923 2538 1095 2609 haud
1162 2539 1305 2612 scio
1371 2564 1453 2611 un
1519 2540 1720 2611 nimia
1771 2541 1981 2612 videri
2031 2541 2267 2613 debeat
2317 2542 2599 2614 latitudo
2718 2601 2748 2627 ,.

370 2640 685 2710 curriculi
746 2640 993 2731 fuisse,
1072 2641 1262 2731 cuins
1328 2640 1661 2713 dimidium
1724 2641 1998 2714 iunctim
2062 2651 2312 2714 stantes
2366 2643 2601 2717 CLX.

370 2763 575 2835 equos
628 2742 905 2836 ceperit.
1008 2739 1149 2831 Sed
1201 2743 1363 2814 satis
1412 2767 1585 2814 nnnc
1628 2744 1887 2839 quidem
1933 2752 2036 2815 est
2075 2745 2383 2817 iniecisse
2427 2747 2599 2819 hano

369 2841 862 2914 dubitationem.
965 2842 1189 2915 Venio
1242 2869 1370 2939 quo
1422 2845 1720 2915 volebam
1773 2839 1878 2915 ad
1907 2846 2105 2916 situm
2157 2848 2409 2942 oppidi.
2513 2847 2599 2918 Id

370 2944 480 3039 qui
534 2945 614 3014 ab
666 2968 797 3015 uno
850 2945 1267 3040 hippodromi
1318 2947 1612 3041 margine
1664 2945 1749 3015 ad
1799 2948 2074 3019 alterum
2119 2970 2327 3043 usque
2358 2958 2600 3021 exten-

357 3037 632 3136 derunt,
686 3070 879 3140 quum
930 3047 1254 3117 sentirent
1301 3047 1397 3117 ita
1446 3060 1736 3117 rostrum
1787 3057 2019 3119 contra
2066 3047 2277 3143 ipsam
2320 3051 2597 3166 primaru

368 3156 602 3221 metam
657 3146 997 3237 constitui,
1052 3171 1385 3242 equosque
1437 3148 1629 3217 simul
1684 3156 1754 3219 et
1803 3173 1887 3219 ex
1941 3144 2197 3219 dextris
2249 3161 2318 3222 et
2369 3176 2454 3222 ex
2501 3151 2599 3222 si·-

272 3282 277 3285 ·
367 3248 596 3320 nistris
648 3249 1023 3320 carceribus
1076 3250 1353 3320 emissos
1421 3249 1546 3319 sibi
1612 3257 1793 3320 trans
1861 3248 2134 3321 alteram
2186 3259 2424 3322 metam
2476 3251 2600 3321 ad-

372 3350 581 3423 versis
642 3350 967 3422 frontibus
1036 3374 1428 3422 occursuros
1493 3350 1737 3438 fuisse,
1811 3375 2002 3446 quum
2073 3360 2286 3423 tamen
2340 3360 2602 3425 constet

370 3474 593 3527 omnes
643 3452 851 3523 laevis
900 3452 1185 3523 flexibus
1221 3476 1371 3523 esse
1402 3461 1613 3542 actos,
1666 3454 2017 3547 permiram
2052 3454 2387 3548 quamdam
2425 3455 2597 3526 viam

368 3567 637 3624 anctore
701 3554 1088 3624 Alexandro
1163 3554 1243 3624 de
1307 3551 1419 3622 La
1469 3552 1694 3624 Borde
1763 3554 2092 3645 inierunt,
2177 3578 2304 3650 qua
2371 3578 2596 3627 omnes

367 3678 601 3726 currus
653 3656 731 3724 ab
786 3655 1022 3725 dextro
1074 3656 1281 3726 latere
1334 3678 1591 3726 cursum
1632 3656 1838 3726 ordiri
1879 3656 2197 3729 facerent.
2300 3655 2595 3749 Etenim,

367 3755 543 3874 quo-d
592 3757 924 3826 sinistrum
976 3758 1152 3826 latus
1205 3757 1623 3852 hippodromi
1661 3757 1919 3828 brevius
1953 3756 2160 3828 fuisse
2202 3756 2379 3829 dicat
2413 3758 2598 3830 Pau·-

366 3859 612 3949 sanias,
668 3858 1086 3953 obliquatunt
1134 3858 1331 3928 situm
1385 3858 1653 3954 oppidi,
1705 3867 1819 3949 ιιι,
1875 3882 2070 3953 quum
2123 3858 2356 3930 dextra
2406 3868 2597 3955 parte

365 3961 655 4056 paullum
708 3958 1088 4050 recederet,
1155 3964 1442 4030 rostrum
1512 3984 1641 4031 non
1707 3969 1940 4031 contra
2004 3959 2278 4056 primam
2331 3971 2596 4052 metant,

366 4060 481 4130 sed
531 4064 765 4133 iuxtim
833 4062 900 4131 in
971 4061 1276 4132 dextrum
1340 4060 1515 4132 latus
1560 4061 1956 4157 dirigerent.
2076 4062 2210 4153 Qui
2261 4073 2478 4133 autem
2526 4063 2599 4134 iu

252 4212 256 4225 .
365 4163 490 4233 alis
544 4164 769 4260 oppidi
818 4173 972 4234 sunt
1026 4185 1372 4252 carceres„
1445 4187 1562 4234 eos
1634 4187 1847 4259 neque
1910 4163 2006 4234 ita
2055 4171 2456 4260 posuerunt,
2523 4170 2601 4235 ut

364 4266 673 4359 parietes*
704 4288 927 4336 eornm
982 4264 1345 4335 transversi
1398 4264 1483 4335 ad
1525 4264 1665 4336 alas
1698 4264 2088 4339 accederent
2120 4274 2342 4337 rectos
2363 4264 2598 4335 utrina*

272 4358 281 4367 '
364 4389 490 4460 que
541 4367 820 4462 angulos
870 4367 1238 4459 facientes,
1290 4390 1501 4463 neque
1552 4366 1654 4439 sic
1705 4375 1777 4439 ut
1829 4367 2093 4464 obliquo
2145 4365 2367 4464 positu
2417 4374 2604 4439 recta
