3192 4992
588 438 593 445 .
657 374 786 442 372
1242 374 1355 447 ,DE
1372 371 1774 432 'AESCHYLI
1794 368 2264 431 ·TRAGOED118

661 542 780 615 secl
829 540 1097 613 ultimae
1148 539 1412 612 litterae
1462 540 1632 633 ivm·
1674 537 1760 609 ad
1810 561 1890 609 ea
1924 559 2091 632 qnae
2133 541 2501 632 sequuntur
2535 534 2902 632 pertinent.

662 645 952 717 Vossius
1014 643 1084 713 in
1135 640 1313 713 Mss.
1383 664 1531 711 esse
1583 640 1677 711 ait
1728 635 2077 712 vorabili.
2195 637 2482 709 Bothius
2517 639 2901 709 immemo-

604 767 621 777 “
661 742 920 818 rabili.
1025 742 1200 813 Mihi
1252 742 1419 814 nihil
1471 743 1734 812 obstare
1792 741 2168 828 videbatur,
2242 763 2371 834 quo
2424 739 2637 809 minus
2685 740 2906 809 intra-

662 847 925 919 ctabilis
979 854 1046 917 et
1094 844 1412 940 pervicax
1462 844 1717 914 animus
1762 843 2095 913 diceretur
2128 864 2261 912 non
2295 838 2657 912 morabilis.
2731 838 2904 911 Cum

663 949 891 1019 eadem
945 947 1272 1018 sententia
1322 945 1743 1017 coniunctum
1794 944 1919 1015 fuit
1969 944 2166 1014 etiam
2217 942 2347 1014 hoc
2397 942 2574 1037 apud
2611 939 2905 1013 Nonium

662 1051 735 1120 in
775 1048 1192 1149 proprium
1239 1072 1312 1143 p.
1365 1048 1542 1141 362,
1594 1046 1681 1163 ἱ3.

917 1202 1109 1271 mim
1157 1222 1314 1272 non
1345 1195 1610 1293 facile
1649 1200 1816 1269 sine
1859 1192 2089 1268 deum
2117 1217 2360 1294 opera
2398 1192 2558 1293 pro'
2675 1194 2741 1266 ‘a
2765 1191 2904 1265 lau-

1985 1322 2230 1369 mana
2278 1302 2470 1369 saint
2560 1321 2739 1368 ona.

668 1450 793 1523 Sic
842 1449 994 1521 edd.
1045 1448 1391 1523 Iunianae.
1494 1447 1918 1521 Mel-ceriana
1967 1445 2317 1520 humana
2354 1448 2718 1548 propria.
2823 1443 2907 1516 In

670 1552 1141 1648 antiquissimis
1194 1553 1568 1624 nominatur
1635 1549 1895 1646 quidem
1945 1550 2173 1622 Attius
2223 1553 2578 1621 Armorum
2626 1547 2905 1635 iudicio,

669 1654 786 1726 sed
853 1678 1081 1725 versus
1146 1654 1293 1751 ipse
1362 1654 1645 1725 omissus
1712 1660 1840 1723 est.
1961 1651 2314 1723 Postremo
2369 1651 2628 1722 videtur
2677 1649 2909 1721 Attius

670 1770 954 1852 quoque,
1006 1764 1081 1826 ut
1132 1753 1541 1852 SophocleS,
1597 1752 1870 1825 Ulixem
1919 1752 2395 1844 introduxisse,
2450 1753 2564 1848 qui
2614 1751 2911 1848 Agame-

668 1857 927 1929 mnonis
980 1858 1391 1929 atrocitatem
1447 1862 1924 1952 compesceret.
2025 1853 2351 1943 Indehest
2401 1855 2575 1950 apud
2617 1852 2910 1924 Nonium

670 1959 740 2028 in
790 1960 1039 2037 altum
1091 1981 1162 2054 p.
1214 1960 1389 2048 237,
1444 1961 1569 2031 21.

1383 2133 1533 2210 cur
1582 2109 1853 2180 ve'tera
1900 2117 2064 2179 tam
2113 2131 2226 2180 ea:
2277 2109 2440 2181 alto
2491 2109 2799 2208 dppetz’e

928 2206 1278 2300 dissidia,
1331 2207 1829 2311 Agamemno
1849 2210 1883 2280 3

581 2359 801 2434 llSic
852 2361 1004 2434 edd.
1058 2361 1577 2456 antiquissimae,
1631 2361 1763 2433 nisi
1806 2358 1981 2457 quod
2014 2358 2542 2432 Mediolanensis
2584 2383 2715 2430 una
2750 2382 2910 2432 voce

674 2474 1143 2553 veteratum,
1217 2461 1481 2534 Veneta
1547 2472 1763 2535 autem
1830 2485 1894 2534 a.
1953 2464 2174 2537 1496.
2242 2474 2617 2540 veterata.
2734 2459 2911 2532 Dein

674 2563 993 2636 Iunianae
1048 2573 1116 2636 et
1166 2562 1589 2635 Merceriana
1641 2566 2075 2665 appetissis,
2129 2562 2554 2635 Merceriana
2603 2563 2753 2634 sola
2800 2560 2911 2634 oh·-

678 2664 953 2739 widin.
1056 2663 1317 2737 Eodem
1366 2666 1656 2761 pertinet
1704 2665 1871 2735 illud
1912 2665 1981 2737 in
2016 2663 2404 2739 nox-itudo
2452 2689 2525 2761 p.
2559 2667 2733 2755 143,
2788 2667 2910 2738 22.

1391 2815 1706 2888 occulta
1754 2813 2143 2888 uo'xitndo
2248 2866 2271 2888 .
2375 2868 2398 2888 .
2502 2867 2527 2887 .

935 2908 1418 2989 oblitteretur
1464 2915 2022 3017 Pelopidarum
2075 2918 2176 2990 a'e
2225 2921 2384 3019 μέν
2429 2908 2562 2991 v'oe
2611 2927 2911 2992 sancte·

1995 3024 2182 3092 accit
2217 3044 2499 3119 genua.

685 3166 978 3264 Legitur
1029 3168 1251 3240 ocule
1299 3178 1369 3239 et
1406 3191 1561 3269 per
1609 3184 1773 3242 nos.
1876 3167 2420 3268 Laurenhergius
2468 3172 2539 3243 in
2587 3170 2916 3268 Antiqua-

687 3271 791 3341 rio
840 3269 1110 3364 scripsit
1143 3270 1463 3343 occulte.
1551 3269 1813 3343 Deesse
1849 3273 2061 3367 priori
2095 3275 2315 3344 versui
2349 3274 2912 3373 videturflagiti.

890 3369 1124 3442 Redeo
1178 3370 1262 3441 ad
1308 3369 1735 3467 Aeschylum.
1838 3372 2010 3445 Eius
2076 3376 2287 3446 altera
2338 3376 2647 3472 trilogiae
2697 3373 2927 3446 fabula·

564 3468 575 3480 ’
698 3475 1028 3569 Θρῇσσαι
1079 3470 1254 3543 dicta
1303 3470 1429 3543 suit
1479 3497 1565 3543 ex
1618 3474 1821 3546 choro
1863 3476 2264 3571 captivarum
2300 3477 2669 3548 mulierum.
2773 3476 2938 3571 'fe-f

694 3575 818 3647 stis
870 3581 976 3645 est
1026 3573 1418 3645 scholiastes
1470 3572 1832 3670 Sophoclis
1898 3576 1982 3647 ad
2031 3579 2147 3648 Ai.
2206 3581 2377 3653 134.
2451 3603 2649 3675 quum
2699 3578 2920 3674 expli-

696 3698 911 3765 cans„
957 3698 1077 3760 cur
1126 3670 1502 3770 Sophocles
1553 3701 1640 3747 ex
1692 3678 1852 3749 viris
1904 3675 2288 3751 Salaminiis
2341 3680 2611 3752 chorum
2662 3679 2919 3767 fecerit,

672 3775 1003 3871 -scripsitz
1069 3772 1156 3847 τὸ
1207 3770 1289 3848 δὲ
1340 3782 1495 3865 τῶν
1528 3774 2026 3872 αἰχμαλώτων
2071 3778 2563 3876 κηδεμονικὸν
2610 3783 2771 3869 μέν,
2819 3776 2923 3861 ὥς

695 3871 1065 3968 Αἰσχύλος
1112 3877 1196 3953 ἐν
1234 3872 1625 3972 Θρῄσσαις,
1678 3878 1771 3954 οὐ
1817 3878 1971 3975 μὴν
2016 3877 2523 3975 εὐπρόςωπον·
2589 3881 2729 3979 ὅρα
2776 3877 2923 3982 γὰρ

700 3974 864 4051 οἷον
910 3975 998 4049 τὸ
1048 3973 1562 4072 αἰχμαλώτους
1608 3981 1956 4075 ἐπιτιμᾶν
2001 3990 2110 4079 τῷ
2139 3979 2529 4080 Μενελάῳ.
2630 3984 2924 4076 Quorum

702 4078 1048 4163 verborum
1096 4088 1431 4175 postrema
1480 4090 1698 4153 utrum
1748 4084 1846 4154 ad·
1880 4082 2246 4182 Sophoclei
2295 4087 2525 4159 Aiacis
2576 4111 2671 4157 V..
2701 4086 2917 4161 1091.

711 4180 935 4256 1092.
1000 4187 1338 4276 spectent,
1407 4204 1492 4254 an
1552 4181 1924 4280 Aeschylus
1987 4187 2056 4258 id
2122 4187 2297 4284 quod
2347 4188 2677 4284 vituperat
2726 4187 2927 4260 scho-

706 4285 938 4354 liastes
1002 4280 1275 4373 fecerit,
1353 4282 1680 4357 incertum
1744 4295 1888 4359 est:
1955 4288 2072 4359 sed
2124 4299 2382 4380 tamen,
2454 4290 2761 4384 quoniam
2817 4288 2926 4359 vix

571 4474 574 4480 A
709 4384 877 4456 tanti
927 4392 1080 4455 sunt
1127 4383 1243 4455 isti
1293 4383 1421 4456 duo
1475 4410 1731 4478 versuS,
1781 4397 2057 4485 propter
2104 4390 2229 4462 hos
2278 4399 2352 4462 ut
2398 4390 2765 4462 laudandus
2816 4413 2928 4462 cs-
