3192 4992
945 317 981 394 .'
1066 404 1072 410 .
1166 356 1280 416 nn
1340 340 1796 422 AT‘LANTE.
2454 354 2588 424 m

570 515 776 618 νήσῳ
836 520 954 595 ἐν·
983 515 1411 619 ἀμφιρύτῃ,
1480 518 1616 595 ὅθι
1678 520 1748 594 τ’
1822 517 2159 619 ὂιιφὰλός
2219 523 2372 596 ἐστι
2420 524 2587 598 θα·-

566 729 793 819 νῆσος
840 717 1322 818 δενδρήεσσα,
1372 705 1523 796 θεᾶ
1571 721 1646 797 δ’
1677 618 2153 817 ³03⁶?quoe
2201 721 2419 812 ναίει,

554 825 947 907 Ἄτλαντος
985 820 1342 925 θυγάτηρ
1395 819 1868 921 ὃλοόφρονος,
1921 824 2002 908 ὅς
2038 853 2117 898 τε
2153 821 2543 923 θαλάσσης

565 922 805 1022 πασης
850 924 1138 1024 βένθεα
1187 923 1412 1013 οἶδεν,
1464 926 1608 1019 ἔχει
1658 923 1749 999 δέ
1787 955 1866 999 τε
1913 925 2168 1009 κίονας
2214 926 2439 1010 αὐτὸς
2614 999 2619 1008 ,

566 1055 885 1124 μακρας,
937 1028 1016 1113 αι
1058 1022 1290 1128 γαῖάν
1337 1053 1417 1100 τε
1464 1025 1592 1100 καὶ
1634 1025 1961 1125 οὐρανὸν
1999 1027 2236 1126 ἀμφὶς
2265 1030 2583 1123 ἔχουσιν.

362 1173 658 1250 Insulam
711 1149 1065 1270 memorat,
1136 1202 1326 1299 quam
1392 1179 1549 1250 alibi
1613 1188 1809 1251 vocat
1858 1177 2220 1299 Ogygiam
2325 1179 2408 1252 Id
2461 1207 2587 1253 no·-
2680 1173 2685 1177 ⁴

362 1305 514 1353 men
566 1290 752 1372 recte
800 1279 1103 1353 videntur
1152 1282 1252 1352 sic-
1299 1281 1747 1377 interpretari,
1799 1289 1875 1354 ut
1909 1308 1992 1354 ex
2033 1282 2421 1380 primigenio
2458 1308 2582 1355 ovo

362 1391 522 1453 nata
574 1389 767 1479 atque
817 1382 970 1454 inde
1023 1382 1498 1478 antiquissima,
1551 1407 1824 1479 quorum
1877 1385 2222 1457 obscurata
2273 1384 2584 1456 memoria

365 1483 481 1575 sit,
535 1484 889 1579 significet.
990 1481 1223 1555 Insula
1270 1485 1402 1556 ista
1459 1484 1534 1555 ‘in
1603 1485 1815 1557 medio
1878 1486 2040 1556 mari
2092 1493 2220 1556 est.
2319 1484 2402 1556 Id
2453 1485 2584 1583 ipsi

366 1584 628 1681 quidem
679 1584 973 1657 Homero
1041 1610 1217 1657 mare
1285 1586 1827 1658 mediterraneum
1893 1595 2036 1678 est,
2115 1587 2183 1658 in
2249 1585 2587 1683 incognita

311 1765 320 1774 ι
364 1695 655 1784 patens:¹
716 1687 840 1780 iis,
907 1711 947 1757 a
1012 1687 1242 1784 quibus
1295 1712 1433 1758 eam
1490 1687 1722 1759 famum
1779 1689 2076 1785 accepit,
2141 1697 2361 1759 utrum
2412 1689 2586 1760 idem

366 1813 573 1879 mare,
626 1812 705 1858 an
758 1796 997 1884 pontus
1028 1787 1332 1860 Euxinus
1384 1789 1608 1881 fuerit,
1661 1790 1824 1860 nibil
1868 1789 1946 1862 ad
1991 1815 2127 1861 rem
2159 1790 2355 1862 facit.
2408 1813 2586 1861 mare

366 1888 865 1985 intelligebatur
915 1914 1216 1987 maguum
1268 1900 1463 1987 atque
1513 1891 1934 1982 immensum,
1989 1892 2174 1964 cuius
2223 1892 2290 1962 in
2343 1891 2586 1984 medio,

361 1987 567 2089 longe
619 1992 698 2062 ab
750 1991 1058 2063 habitatis
1111 1992 1273 2083 oris,
1325 1993 1542 2064 insula
1594 2000 1794 2064 esset.
1898 1992 2084 2084 Quae
2125 2016 2266 2064 eam
2308 1993 2587 2087 insulam

365 2099 550 2163 tenet
598 2075 905 2190 nympha,
958 2090 1247 2190 Calypso
1302 2093 1476 2165 dicta
1529 2102 1656 2185 est,
1710 2094 1910 2191 quod,
1963 2094 2136 2170 sicut
2184 2098 2331 2190 ipsa
2371 2095 2441 2164 iu
2471 2119 2589 2165 oc-

357 2189 548 2266 culto
599 2194 969 2267 hominibus
1022 2195 1171 2267 loco
1224 2196 1574 2286 habitaret,
1628 2196 1723 2275 ita
1775 2196 2071 2276 occultos
2125 2204 2418 2288 teneret,
2474 2194 2583 2291 qui

347 2294 446 2365 cad
504 2320 648 2366 eam
698 2303 920 2367 esseut
952 2294 1199 2366 delati.
1300 2294 1507 2366 Pater
1572 2293 1889 2393 nymphae
1939 2297 2133 2367 Atlas
2187 2304 2327 2386 est,
2395 2295 2687 2414 quemlo

361 2393 632 2469 labores
657 2397 721 2494 ³)
794 2396 1182 2467 tolerantem
1248 2396 1611 2493 significari
1673 2404 1882 2493 patet.
2010 2393 2244 2467 Labor
2307 2393 2585 2467 indicari

365 2498 634 2570 videtur
681 2523 801 2588 eo,
875 2497 1047 2593 quod
1101 2497 1318 2568 omnia
1368 2497 1564 2568 maris
1632 2496 1955 2595 profunda
2007 2497 2272 2592 cognita
2321 2497 2583 2589 habeat,

364 2606 720 2696 teneatque
789 2598 957 2670 caeli
1022 2607 1089 2669 et
1139 2606 1355 2670 terrae
1409 2598 1769 2678 columnaS.
1869 2596 2022 2669 Non
2085 2597 2242 2670 ficta
2293 2598 2457 2671 baec
2507 2599 2587 2672 ab

360 2698 691 2791 Homero,
745 2699 860 2771 sed
914 2707 1187 2797 accepta
1235 2701 1315 2770 ab
1361 2700 1836 2796 antiquioribus
1877 2723 2049 2790 esse,
2104 2725 2211 2770 res
2253 2700 2399 2797 ipsa
2429 2725 2591 2797 pro-

363 2800 494 2873 dit.
596 2800 764 2873 Nam
816 2801 960 2897 ipse
1012 2802 1067 2872 si
1121 2802 1516 2892 invenisset,
1571 2801 2032 2898 descripsisset
2083 2801 2217 2892 ita,
2272 2810 2344 2872 ut
2391 2802 2589 2898 plane

361 2903 660 2998 intelligi
708 2911 1006 2999 possent.
1109 2902 1302 2995 Quod
1369 2928 1562 3000 quum
1616 2927 1808 2974 secus
1859 2903 1986 2993 sit,
2054 2911 2327 3000 apparet
2376 2911 2590 2974 rettu-

361 3006 533 3077 lisse
585 3030 758 3095 enm,
813 3027 978 3098 quae
1028 3001 1302 3076 vetustis
1353 3004 1594 3075 fabulis
1645 3013 1909 3075 narrata
1961 3004 2155 3075 etiam
2208 3011 2339 3075 no‘n
2389 3005 2592 3077 intel-

362 3106 549 3179 lecta
598 3130 721 3203 pro
774 3105 949 3177 veris
999 3104 1424 3177 habebantur.
1528 3105 1820 3197 Quorum
1875 3106 2045 3177 ratio
2099 3105 2158 3197 si
2208 3130 2337 3177 non
2369 3106 2592 3178 statim

368 3217 439 3281 et
492 3207 704 3305 primo
758 3206 1073 3303 adspectu
1124 3215 1332 3303 patet,
1384 3232 1516 3278 non
1567 3216 1719 3278 sunt
1764 3206 2071 3278 continuo
2125 3230 2246 3302 pro
2291 3206 2589 3278 absurdis

367 3309 810 3400 numeranda,
876 3308 993 3380 sed
1045 3307 1519 3405 quaerendum,
1589 3308 1744 3403 quid
1796 3308 1921 3379 sibi
1978 3307 2300 3379 voluerint
2352 3308 2461 3404 qui
2514 3331 2592 3379 ea

368 3411 787 3500 invenerunt,
839 3410 978 3482 sive
1028 3410 1094 3480 id
1149 3434 1234 3480 ex
1286 3410 1452 3507 ipsis
1502 3410 1720 3482 verbis
1773 3411 2085 3505 cognosci
2134 3405 2396 3505 potest,
2450 3409 2589 3480 sive

371 3512 728 3609 petendum
780 3520 883 3584 est
932 3511 1010 3581 ab
1062 3512 1171 3603 iis,
1226 3514 1333 3608 qui
1389 3521 1542 3608 post
1573 3510 1930 3582 Homerum
1984 3535 2093 3582 rcs
2143 3511 2295 3581 illas
2348 3511 2592 3607 attige-

372 3623 555 3685 runt.
669 3616 774 3684 Ac
837 3612 1089 3709 primo,
1164 3638 1359 3710 quum
1407 3614 1603 3685 Atlas
1671 3613 1926 3684 dicatur
1989 3611 2207 3685 omnia
2267 3611 2593 3708 profunda

544 3883 604 3964 ³)
658 3886 810 3943 Haec
862 3892 916 3943 et
966 3905 1097 3963 qnae
1147 3892 1430 3962 sequnntur
1470 3890 1698 3964 graviter
1736 3888 1991 3961 vituperat
2029 3884 2299 3942 Heffterus
2352 3903 2403 3961 p.
2446 3880 2588 3945 289·
2678 3931 2685 3934 „

376 3992 520 4050 seqq.
562 3970 825 4030 Atlantem
869 3990 972 4029 non
1014 3973 1215 4030 labores
1256 3971 1572 4041 tolerantem,
1615 3970 1708 4028 sed
1750 3970 2048 4046 simpliciter
2090 3970 2388 4027 tolerantem
2428 3973 2590 4046 tigni·

305 4063 317 4075 ⁸
376 4058 531 4116 ficare
574 4056 904 4114 contendens.
988 4056 1102 4135 Ego
1146 4053 1348 4131 quidem
1396 4056 1545 4114 credo
1586 4058 1786 4134 priscos
1828 4055 1950 4112 illos
1994 4055 2278 4112 fabularum
2307 4062 2590 4130 repertores

378 4161 445 4200 ne
486 4144 714 4219 cogitare
754 4140 955 4217 quidem
999 4144 1296 4198 tolerantem
1340 4144 1575 4217 potuisse
1618 4144 1720 4198 nisi
1762 4138 1936 4197 addito
1985 4137 2106 4215 quid
2145 4140 2400 4196 toleraret.
2483 4135 2588 4195 Sed

379 4231 588 4284 omniuo
630 4224 865 4302 cupidius
907 4225 1201 4284 defendisse
1243 4243 1303 4288 se
1343 4224 1546 4283 videtur
1586 4228 1667 4282 vir
1708 4224 2071 4283 doctissimus.
2125 4226 2213 4300 qui
2256 4241 2409 4300 quum
2453 4222 2588 4279 ferre

377 4312 511 4369 nolit
550 4316 893 4388 navigantem,
933 4327 1036 4368 non
1078 4310 1261 4367 inutile
1302 4311 1459 4368 fuerit
1499 4312 1799 4367 memoriam
1838 4328 2095 4379 revocare,
2136 4327 2229 4366 eur
2247 4306 2432 4363 Vlixes
2475 4325 2589 4366 no-

378 4386 603 4467 λίντλας
641 4395 833 4452 auolat.
