3192 4992
584 288 738 411 ⁴32⁴
1056 403 1067 419 ,
1234 342 1336 402 ΒΕ
1378 339 1754 402 AESCHYLI
1792 338 2190 400 AETNAEIS.

522 542 530 550 ‘
609 522 715 588 tre
779 536 896 585 sua
957 509 1026 582 in
1097 515 1520 605 conspectum
1584 506 2024 579 adducuntur.
2119 504 2345 601 ’Όψις
2409 500 2558 605 γὰρ
2623 501 2840 576 ὤτων

608 610 1085 709 κριτικωτέρα
1134 608 1352 702 πέλει,
1405 609 1582 682 canit
1610 606 2191 680 Valckenarianus
2226 605 2631 703 Sophocles.
2684 603 2842 677 Sei-

609 718 771 789 licet
821 713 1232 785 Weleke'rus
1295 713 1366 783 in
1416 711 1785 781 Annalibus
1836 709 2140 780 Instituti
2196 707 2693 803 archaeologici
2744 705 2842 779 T.

563 817 714 890 ¹11.
780 817 949 902 fasc.
1003 818 1077 888 2.
1131 817 1205 887 3.
1271 838 1344 910 p.
1397 815 1573 886 245.
1627 836 1815 907 seqq.
1882 810 2157 882 duorum
2208 808 2592 881 consimiles
2643 831 2843 879 vaso-

610 945 754 992 rum
815 918 1110 1015 picturas
1184 915 1267 985 ad
1331 913 1604 987 Palicos
1670 913 1954 984 rettulit.
2076 910 2332 982 Eorum
2409 925 2705 981 vasorum
2747 910 2837 980 ‘in

610 1011 824 1119 primo
877 1025 1076 1113 caput
1125 1016 1418 1087 mulieris
1471 1039 1617 1087 cum
1670 1015 1875 1104 collo,
1927 1015 2214 1109 itemque
2257 1013 2554 1083 sublatae
2588 1001 2846 1106 expauss,
2948 1067 2959 1077 .

613 1125 708 1194 sis
762 1119 989 1217 digitis
1040 1141 1269 1189 manus
1343 1141 1430 1189 ex
1497 1115 1714 1189 terrae
1766 1116 1912 1187 solo
1966 1116 2277 1185 eminent.
2371 1111 2553 1184 Eius
2606 1113 2839 1207 capitis

582 1230 802 1295 ‘tanta
866 1230 1127 1315 tamque
1191 1219 1488 1290 immanis
1541 1217 1923 1313 magnitudo
1976 1223 2116 1305 est,
2188 1223 2264 1286 ut
2328 1221 2597 1311 superet
2650 1213 2843 1285 dimi-

616 1324 787 1395 diam
841 1321 1238 1393 adstantium
1289 1320 1615 1415 utrimque
1679 1320 1984 1415 iuvenum
2034 1315 2539 1413 longitudinem.
2641 1311 2845 1386 Iuve-

614 1433 735 1497 n'es
784 1424 899 1495 isti
952 1423 1199 1518 galeati
1253 1422 1506 1518 magnis
1571 1421 1989 1517 ingentisque
2054 1418 2367 1514 ponderis
2417 1417 2677 1487 malleis
2727 1423 2846 1488 ca·-
2907 1467 2912 1474 ‚

619 1534 736 1623 put
797 1524 1093 1596 mulieris
1146 1523 1414 1595 feriunt.
1535 1521 1790 1594 Eorum
1858 1522 2164 1591 iuvenum
2230 1520 2343 1615 qui
2407 1528 2556 1589 ante
2605 1517 2846 1589 fac-iem

520 1628 913 1711 lomulieris
966 1634 1124 1715 stat,
1179 1626 1321 1696 eius
1371 1626 1505 1694 ima
1555 1624 1810 1695 sinistri
1857 1622 2046 1718 pedis
2096 1645 2253 1719 pars
2304 1644 2474 1717 pene
2518 1643 2726 1715 nsque
2764 1617 2848 1689 ad

617 1751 834 1808 suram
889 1728 1147 1823 obiectu
1190 1750 1493 1796 manuum
1537 1725 1833 1797 mulieris
1876 1731 2053 1795 tecta
2089 1731 2217 1794 est.
2316 1721 2619 1793 Indidem
2650 1720 2849 1792 etiam

616 1831 907 1901 ramulus
977 1827 1235 1923 quidam
1303 1824 1519 1922 surgit
1580 1827 1650 1897 in
1716 1827 1886 1897 alios
1935 1826 2225 1900 ramulos
2277 1848 2426 1895 sese
2477 1807 2848 1894 diffundens

619 1930 703 2001 ad
756 1930 975 2027 capita
1025 1929 1303 1999 maxime
1354 1930 1685 1999 iuvenum.
1787 1917 2085 1998 Alterius
2137 1927 2322 1997 vasis
2350 1925 2516 1996 duae
2547 1925 2847 2020 picturae

620 2040 797 2103 sunt.
838 2113 845 2118 ,
900 2028 983 2101 In
1033 2030 1257 2126 priore
1309 2030 1546 2099 mulier
1594 2029 1835 2100 vestita
1886 2052 1972 2099 ex
2022 2035 2239 2098 terrae
2291 2028 2437 2099 solo
2488 2049 2528 2096 a
2570 2026 2848 2120 genibus

618 2133 971 2230 prominet,
1025 2156 1280 2202 sursum
1335 2139 1667 2226 spectauS,
1724 2131 1911 2225 quasi
1964 2130 2141 2200 viros
2194 2129 2322 2201 duo
2379 2129 2686 2198 barbatos
2727 2125 2849 2197 ad·-

621 2235 886 2332 spiciat,
941 2235 1053 2330 qui
1105 2242 1254 2305 ante
1304 2256 1450 2303 eam
1503 2240 1752 2303 stantes
1789 2232 2082 2302 sublatos
2114 2231 2388 2302 malleos
2420 2238 2646 2300 tenent
2677 2237 2848 2299 tam-

621 2360 810 2433 quam
863 2359 1099 2432 graves
1153 2336 1324 2407 ictus
1378 2334 1620 2405 daturi.
1720 2333 1829 2404 Ad
1896 2358 2011 2405 eos
2072 2332 2394 2412 sublatam⁸
2444 2354 2701 2401 manum
2753 2329 2849 2400 si-

617 2439 889 2509 nistram
924 2429 1269 2533 porrigere
1312 2436 1569 2507 videtur
1603 2436 1864 2525 mulier,
1919 2434 2154 2506 dextro
2191 2434 2455 2505 brachio
2494 2432 2846 2527 pendente.

617 2538 806 2609 Pone
843 2562 982 2609 eam
1017 2538 1212 2607 arbor
1243 2546 1370 2608 est.
1419 2536 1613 2608 Haec
1642 2537 1899 2631 quidem
1931 2536 2167 2606 mulier
2198 2536 2432 2606 iustam
2464 2534 2661 2605 babet
2695 2558 2850 2606 eor-

620 2640 804 2736 poris
858 2648 924 2708 et
975 2646 1264 2708 staturae
1316 2660 1709 2708 mensuram.
1808 2637 2068 2707 Arbore
2096 2635 2505 2708 Welckerus
2535 2634 2849 2706 Thaliam

624 2739 988 2834 significari
1040 2746 1251 2834 putat.
1352 2736 1459 2807 Ab
1514 2738 1724 2807 altera
1774 2747 1965 2833 parte⁴
2014 2762 2181 2834 pene
2233 2761 2272 2809 a
2321 2747 2512 2832 tergo
2553 2737 2849 2808 mulieris

626 2864 832 2912 senex
885 2838 1290 2935 conspicitur
1340 2838 1676 2910 sinistrum
1729 2839 2063 2909 brachium
2114 2863 2314 2936 super
2364 2834 2561 2933 ca'put
2610 2839 2849 2909 mulie·-
2969 2917 2979 2934 ,

623 2942 721 3013 ris
770 2964 1000 3012 versus
1053 2940 1231 3011 viros
1281 2940 1448 3011 istos
1499 2939 1925 3036 protendens,
1981 2941 2191 3012 altero
2248 2941 2514 3013 brachio
2549 2949 2847 3030 curvato,

627 3053 695 3114 et
747 3041 1014 3113 sinistro
1066 3041 1235 3139 pede
1287 3042 1570 3132 sublato,
1626 3049 1701 3113 ut
1751 3042 1808 3112 si
1850 3043 2265 3138 colloquatur
2307 3067 2451 3114 cum
2480 3042 2847 3131 iuvenibuS,

627 3167 872 3239 eosque
923 3166 1159 3238 magno
1212 3167 1357 3215 cum
1407 3166 1654 3240 pavore
1709 3151 1854 3215 oret
1916 3168 1999 3215 ne
2052 3168 2197 3215 eum
2249 3144 2513 3214 feriant.
2613 3144 2852 3215 Altera

625 3248 911 3343 pictura,
964 3268 1153 3341 quam
1205 3245 1275 3315 iu
1325 3245 1585 3339 postica
1633 3252 1822 3341 parte
1875 3245 2051 3316 vasis
2088 3270 2236 3316 esse
2267 3244 2677 3317 Welckerus
2730 3246 2848 3334 ait,

583 3392 586 3396 .
628 3371 850 3418 senem
896 3347 1261 3416 tunicatum
1313 3370 1459 3417 cum
1509 3354 1741 3441 petaso
1793 3347 1864 3417 in
1915 3337 2128 3442 capite
2182 3347 2506 3437 ostendit,
2580 3347 2692 3441 qui
2741 3346 2851 3416 fu·-

544 3531 555 3536 ,
629 3448 814 3520 seina
863 3461 1063 3542 s‘upra
1116 3453 1325 3542 caput·
1362 3447 1621 3518 sublata
1669 3448 2128 3528 verberaturus
2159 3448 2417 3520 videtur
2453 3449 2662 3520 virum
2696 3448 2851 3519 bar-

627 3550 848 3621 batum
903 3557 971 3620 et
1019 3555 1413 3644 petasatum,
1466 3547 1736 3620 sinistra
1786 3549 2091 3620 malleum
2144 3559 2500 3641 tenentem,
2553 3571 2847 3645 expanso

631 3660 845 3721 autem
913 3649 1148 3721 dextro
1227 3649 1494 3720 brachio
1576 3658 1977 3722 avertentem
2049 3646 2347 3722 verbera.
2469 3651 2577 3721 Ab
2641 3652 2856 3722 altera'

627 3759 818 3846 parte
868 3751 1123 3821 iuvenis
1187 3757 1320 3822 stat
1370 3752 1711 3848 galeatus,
1779 3750 2168 3849 adspectans
2235 3752 2389 3849 quid
2435 3755 2655 3824 'altero
2704 3751 2844 3840 fiat,

508 3925 515 3928 f
633 3852 869 3923 dextra
921 3853 1225 3952 malleum
1277 3859 1344 3923 et
1392 3853 1565 3949 ipse,
1619 3853 1887 3924 sinistra
1938 3862 2152 3925 autem
2201 3853 2404 3925 fixum
2458 3854 2604 3926 solo
2649 3854 2850 3926 bacu-

578 4017 595 4024 -
630 3953 771 4025 lum
800 3960 1076 4024 teneus.
1125 4009 1129 4014 .
1177 3950 1463 4025 Caetera
1513 3961 1581 4025 et
1631 3955 1734 4025 vir
1782 3962 1850 4026 et
1898 3956 2152 4026 iuvenis
2202 3956 2358 4027 nudi
2410 3964 2588 4048 sunt.

833 4052 1086 4124 Harum
1131 4054 1537 4152 picturarum
1587 4055 1732 4148 illa,
1795 4080 1986 4152 quam
2034 4057 2308 4152 primam
2359 4057 2848 4153 descripsimus,

634 4153 1010 4229 Welckero
1061 4155 1201 4227 visa
1252 4164 1355 4228 est
1407 4157 1728 4254 originem
1780 4158 2125 4230 ostendere
2174 4157 2579 4231 Palicorum.
2680 4157 2850 4252 Nam

635 4257 870 4354 pedem
919 4257 1112 4327 unius
1162 4280 1385 4330 eorum
1438 4259 1723 4359 nondum
1772 4259 2134 4356 perfectum
2173 4284 2345 4353 esse,
2398 4260 2548 4332 dum
2583 4258 2852 4333 brachia

636 4358 777 4428 iam
814 4382 1079 4432 munere
1129 4382 1250 4430 suo
1299 4359 1657 4457 fungantur
1702 4361 2027 4434 tractandi
2076 4362 2326 4434 mallei.
2422 4361 2643 4435 Mirus
2677 4361 2851 4433 'vero
