<?xml version="1.0" encoding="UTF-8"?>
<!DOCTYPE html PUBLIC "-//W3C//DTD XHTML 1.0 Transitional//EN"
    "http://www.w3.org/TR/xhtml1/DTD/xhtml1-transitional.dtd">
<html xmlns="http://www.w3.org/1999/xhtml" xml:lang="en" lang="en">
 <head>
  <title>
</title>
<meta http-equiv="Content-Type" content="text/html;charset=utf-8" />
  <meta name='ocr-system' content='tesseract 3.04.00' />
  <meta name='ocr-capabilities' content='ocr_page ocr_carea ocr_par ocr_line ocrx_word'/>
</head>
<body>
  <div class='ocr_page' id='page_1' title='image "./godofrediherman00fritgoog_0231.png"; bbox 0 0 3192 4992; ppageno 0'>
   <div class='ocr_carea' id='block_1_1' title="bbox 685 331 2545 429">
    <p class='ocr_par' dir='ltr' id='par_1_1' title="bbox 685 331 2545 429">
     <span class='ocr_line' id='line_1_1' title="bbox 685 331 2545 429; baseline 0.006 -12"><span class='ocrx_word' id='word_1_1' title='bbox 685 353 786 417; x_wconf 66' lang='grc' dir='ltr'>ω</span> <span class='ocrx_word' id='word_1_2' title='bbox 827 354 1253 420; x_wconf 67' lang='lat' dir='ltr'><strong>mosum</strong></span> <span class='ocrx_word' id='word_1_3' title='bbox 1295 357 1837 426; x_wconf 67' lang='lat' dir='ltr'><strong>cononandus</strong></span> <span class='ocrx_word' id='word_1_4' title='bbox 1874 331 2169 424; x_wconf 73' lang='lat' dir='ltr'><strong>LYl&#39;ucA.</strong></span> <span class='ocrx_word' id='word_1_5' title='bbox 2408 360 2545 429; x_wconf 74' lang='lat' dir='ltr'><strong>sla</strong></span> 
     </span>
    </p>
   </div>
   <div class='ocr_carea' id='block_1_2' title="bbox 326 520 2635 722">
    <p class='ocr_par' dir='ltr' id='par_1_2' title="bbox 326 520 2635 722">
     <span class='ocr_line' id='line_1_2' title="bbox 326 520 2543 626; baseline 0.003 -27"><span class='ocrx_word' id='word_1_6' title='bbox 326 520 643 620; x_wconf 74' lang='lat' dir='ltr'>Sequitur</span> <span class='ocrx_word' id='word_1_7' title='bbox 689 546 777 595; x_wconf 86' lang='lat' dir='ltr'><strong>ex</strong></span> <span class='ocrx_word' id='word_1_8' title='bbox 824 523 931 595; x_wconf 87' lang='lat' dir='ltr'><strong>his</strong></span> <span class='ocrx_word' id='word_1_9' title='bbox 948 574 972 615; x_wconf 92' lang='lat'><strong>,</strong></span> <span class='ocrx_word' id='word_1_10' title='bbox 1053 524 1115 596; x_wconf 87' lang='lat' dir='ltr'><strong>si</strong></span> <span class='ocrx_word' id='word_1_11' title='bbox 1176 524 1249 597; x_wconf 94' lang='lat' dir='ltr'><strong>in</strong></span> <span class='ocrx_word' id='word_1_12' title='bbox 1309 523 1853 622; x_wconf 68' lang='lat' dir='ltr'><strong>inscriptionibus</strong></span> <span class='ocrx_word' id='word_1_13' title='bbox 1914 527 2176 599; x_wconf 82' lang='lat' dir='ltr'><strong>nomina</strong></span> <span class='ocrx_word' id='word_1_14' title='bbox 2235 531 2543 626; x_wconf 81' lang='lat' dir='ltr'><strong>tragoedi</strong></span> 
     </span>
     <span class='ocr_line' id='line_1_3' title="bbox 326 624 2635 722; baseline -0 -24"><span class='ocrx_word' id='word_1_15' title='bbox 326 624 697 698; x_wconf 81' lang='lat' dir='ltr'><strong>comoedive</strong></span> <span class='ocrx_word' id='word_1_16' title='bbox 765 628 1135 721; x_wconf 79' lang='lat' dir='ltr'><strong>veterisque</strong></span> <span class='ocrx_word' id='word_1_17' title='bbox 1198 626 1582 722; x_wconf 75' lang='lat' dir='ltr'><strong>tragoediae</strong></span> <span class='ocrx_word' id='word_1_18' title='bbox 1643 635 1716 714; x_wconf 69' lang='lat' dir='ltr'><strong>‚et</strong></span> <span class='ocrx_word' id='word_1_19' title='bbox 1778 627 2160 701; x_wconf 83' lang='lat' dir='ltr'><strong>comoediae</strong></span> <span class='ocrx_word' id='word_1_20' title='bbox 2192 630 2539 704; x_wconf 80' lang='lat' dir='ltr'><strong>inveniun-</strong></span> <span class='ocrx_word' id='word_1_21' title='bbox 2620 693 2635 697; x_wconf 82' lang='lat'><strong>-</strong></span> 
     </span>
    </p>
   </div>
   <div class='ocr_carea' id='block_1_3' title="bbox 117 725 2541 832">
    <p class='ocr_par' dir='ltr' id='par_1_3' title="bbox 117 725 2541 832">
     <span class='ocr_line' id='line_1_4' title="bbox 117 725 2541 832; baseline 0.003 -34"><span class='ocrx_word' id='word_1_22' title='bbox 117 746 123 753; x_wconf 84' lang='lat'>·</span> <span class='ocrx_word' id='word_1_23' title='bbox 263 789 288 832; x_wconf 57' lang='lat'><em>9</em></span> <span class='ocrx_word' id='word_1_24' title='bbox 323 735 468 816; x_wconf 84' lang='lat' dir='ltr'><strong>tur,</strong></span> <span class='ocrx_word' id='word_1_25' title='bbox 522 749 639 816; x_wconf 81' lang='lat' dir='ltr'><strong>ea,</strong></span> <span class='ocrx_word' id='word_1_26' title='bbox 691 725 819 800; x_wconf 86' lang='lat' dir='ltr'><strong>nisi</strong></span> <span class='ocrx_word' id='word_1_27' title='bbox 873 728 1007 799; x_wconf 90' lang='lat' dir='ltr'><strong>sint</strong></span> <span class='ocrx_word' id='word_1_28' title='bbox 1057 726 1140 799; x_wconf 92' lang='lat' dir='ltr'><strong>de</strong></span> <span class='ocrx_word' id='word_1_29' title='bbox 1191 727 1616 822; x_wconf 83' lang='lat' dir='ltr'><strong>dithyrambis</strong></span> <span class='ocrx_word' id='word_1_30' title='bbox 1667 736 1736 800; x_wconf 83' lang='lat' dir='ltr'><strong>ot</strong></span> <span class='ocrx_word' id='word_1_31' title='bbox 1786 731 2180 802; x_wconf 80' lang='lat' dir='ltr'><strong>carminibus</strong></span> <span class='ocrx_word' id='word_1_32' title='bbox 2229 733 2541 828; x_wconf 86' lang='lat' dir='ltr'><strong>phallicis</strong></span> 
     </span>
    </p>
   </div>
   <div class='ocr_carea' id='block_1_4' title="bbox 201 821 2677 4476">
    <p class='ocr_par' dir='ltr' id='par_1_4' title="bbox 313 821 2597 1532">
     <span class='ocr_line' id='line_1_5' title="bbox 322 821 2541 930; baseline 0.004 -32"><span class='ocrx_word' id='word_1_33' title='bbox 322 826 728 923; x_wconf 85' lang='lat' dir='ltr'><strong>accipienda,</strong></span> <span class='ocrx_word' id='word_1_34' title='bbox 781 821 914 899; x_wconf 88' lang='lat' dir='ltr'><strong>nou</strong></span> <span class='ocrx_word' id='word_1_35' title='bbox 961 834 1161 923; x_wconf 70' lang='lat' dir='ltr'><strong>po&#39;sse</strong></span> <span class='ocrx_word' id='word_1_36' title='bbox 1191 828 1295 900; x_wconf 70' lang='lat' dir='ltr'><strong>0ad</strong></span> <span class='ocrx_word' id='word_1_37' title='bbox 1344 830 1621 924; x_wconf 81' lang='lat' dir='ltr'><strong>lyricum</strong></span> <span class='ocrx_word' id='word_1_38' title='bbox 1669 830 1847 903; x_wconf 87' lang='lat' dir='ltr'><strong>istud</strong></span> <span class='ocrx_word' id='word_1_39' title='bbox 1899 856 2106 927; x_wconf 81' lang='lat' dir='ltr'><strong>genus</strong></span> <span class='ocrx_word' id='word_1_40' title='bbox 2141 843 2541 930; x_wconf 85' lang='lat' dir='ltr'><strong>poematum,</strong></span> 
     </span>
     <span class='ocr_line' id='line_1_6' title="bbox 320 928 2597 1031; baseline 0.004 -32"><span class='ocrx_word' id='word_1_41' title='bbox 320 937 393 1000; x_wconf 89' lang='lat' dir='ltr'><strong>ut</strong></span> <span class='ocrx_word' id='word_1_42' title='bbox 442 928 620 1024; x_wconf 83' lang='lat' dir='ltr'><strong>qnod</strong></span> <span class='ocrx_word' id='word_1_43' title='bbox 660 928 910 1000; x_wconf 86' lang='lat' dir='ltr'><strong>nullum</strong></span> <span class='ocrx_word' id='word_1_44' title='bbox 937 928 1496 1022; x_wconf 82' lang='lat' dir='ltr'><strong>fuissevideatur,</strong></span> <span class='ocrx_word' id='word_1_45' title='bbox 1548 931 1811 1023; x_wconf 87' lang='lat' dir='ltr'><strong>referri,</strong></span> <span class='ocrx_word' id='word_1_46' title='bbox 1862 934 1983 1005; x_wconf 87' lang='lat' dir='ltr'><strong>sed</strong></span> <span class='ocrx_word' id='word_1_47' title='bbox 2004 958 2096 1005; x_wconf 81' lang='lat' dir='ltr'><strong>eo</strong></span> <span class='ocrx_word' id='word_1_48' title='bbox 2134 935 2543 1031; x_wconf 76' lang='lat' dir='ltr'><strong>significatu,</strong></span> <span class='ocrx_word' id='word_1_49' title='bbox 2590 941 2597 956; x_wconf 92' lang='grc'><em>“</em></span> 
     </span>
     <span class='ocr_line' id='line_1_7' title="bbox 319 1029 2541 1127; baseline 0.005 -27"><span class='ocrx_word' id='word_1_50' title='bbox 319 1029 434 1126; x_wconf 80' lang='lat' dir='ltr'><strong>qui</strong></span> <span class='ocrx_word' id='word_1_51' title='bbox 480 1030 669 1101; x_wconf 90' lang='lat' dir='ltr'><strong>solus</strong></span> <span class='ocrx_word' id='word_1_52' title='bbox 720 1031 1006 1127; x_wconf 86' lang='lat' dir='ltr'><strong>antiquis</strong></span> <span class='ocrx_word' id='word_1_53' title='bbox 1049 1032 1363 1126; x_wconf 77' lang='lat' dir='ltr'><strong>cognitus</strong></span> <span class='ocrx_word' id='word_1_54' title='bbox 1413 1032 1563 1125; x_wconf 88' lang='lat' dir='ltr'><strong>fuit,</strong></span> <span class='ocrx_word' id='word_1_55' title='bbox 1618 1032 1796 1105; x_wconf 83' lang='lat' dir='ltr'><strong>dicta</strong></span> <span class='ocrx_word' id='word_1_56' title='bbox 1847 1058 1994 1106; x_wconf 87' lang='lat' dir='ltr'><strong>esse</strong></span> <span class='ocrx_word' id='word_1_57' title='bbox 2030 1035 2295 1108; x_wconf 86' lang='lat' dir='ltr'><strong>dehere.</strong></span> <span class='ocrx_word' id='word_1_58' title='bbox 2397 1035 2541 1112; x_wconf 87' lang='lat' dir='ltr'><strong>Sed</strong></span> 
     </span>
     <span class='ocr_line' id='line_1_8' title="bbox 317 1130 2537 1233; baseline 0.005 -31"><span class='ocrx_word' id='word_1_59' title='bbox 317 1130 400 1202; x_wconf 83' lang='lat' dir='ltr'><strong>de</strong></span> <span class='ocrx_word' id='word_1_60' title='bbox 447 1130 991 1229; x_wconf 75' lang='lat' dir='ltr'><strong>inscriptionibus</strong></span> <span class='ocrx_word' id='word_1_61' title='bbox 1039 1132 1216 1204; x_wconf 82' lang='lat' dir='ltr'><strong>infra</strong></span> <span class='ocrx_word' id='word_1_62' title='bbox 1265 1133 1543 1206; x_wconf 86' lang='lat' dir='ltr'><strong>dicetur.</strong></span> <span class='ocrx_word' id='word_1_63' title='bbox 1642 1132 1711 1207; x_wconf 84' lang='lat' dir='ltr'>N</span> <span class='ocrx_word' id='word_1_64' title='bbox 1711 1157 1839 1208; x_wconf 74' lang='lat' dir='ltr'><strong>unc</strong></span> <span class='ocrx_word' id='word_1_65' title='bbox 1886 1138 2197 1233; x_wconf 73' lang='lat' dir='ltr'><strong>persequi</strong></span> <span class='ocrx_word' id='word_1_66' title='bbox 2236 1138 2393 1211; x_wconf 76' lang='lat' dir='ltr'><strong>volo</strong></span> <span class='ocrx_word' id='word_1_67' title='bbox 2433 1163 2537 1232; x_wconf 89' lang='lat' dir='ltr'><strong>ea,</strong></span> 
     </span>
     <span class='ocr_line' id='line_1_9' title="bbox 317 1232 2549 1332; baseline 0.005 -29"><span class='ocrx_word' id='word_1_68' title='bbox 317 1256 486 1332; x_wconf 73' lang='lat' dir='ltr'><strong>quae</strong></span> <span class='ocrx_word' id='word_1_69' title='bbox 570 1233 672 1304; x_wconf 77' lang='lat' dir='ltr'><strong>vel</strong></span> <span class='ocrx_word' id='word_1_70' title='bbox 743 1232 894 1329; x_wconf 83' lang='lat' dir='ltr'><strong>ipse</strong></span> <span class='ocrx_word' id='word_1_71' title='bbox 960 1232 1347 1307; x_wconf 80' lang='lat' dir='ltr'><strong>Boeckhins</strong></span> <span class='ocrx_word' id='word_1_72' title='bbox 1429 1234 1876 1309; x_wconf 78' lang='lat' dir='ltr'><strong>defendendae</strong></span> <span class='ocrx_word' id='word_1_73' title='bbox 1944 1253 2104 1310; x_wconf 78' lang='lat' dir='ltr'><strong>suae</strong></span> <span class='ocrx_word' id='word_1_74' title='bbox 2174 1242 2549 1316; x_wconf 77' lang='lat' dir='ltr'><strong>sententiae.</strong></span> 
     </span>
     <span class='ocr_line' id='line_1_10' title="bbox 316 1333 2540 1438; baseline 0.004 -32"><span class='ocrx_word' id='word_1_75' title='bbox 316 1357 556 1406; x_wconf 78' lang='lat' dir='ltr'><strong>caussa</strong></span> <span class='ocrx_word' id='word_1_76' title='bbox 604 1333 989 1431; x_wconf 82' lang='lat' dir='ltr'><strong>disputavit,</strong></span> <span class='ocrx_word' id='word_1_77' title='bbox 1041 1336 1149 1407; x_wconf 85' lang='lat' dir='ltr'><strong>vel</strong></span> <span class='ocrx_word' id='word_1_78' title='bbox 1199 1336 1341 1428; x_wconf 85' lang='lat' dir='ltr'><strong>alii,</strong></span> <span class='ocrx_word' id='word_1_79' title='bbox 1394 1338 1507 1432; x_wconf 82' lang='lat' dir='ltr'><strong>qui</strong></span> <span class='ocrx_word' id='word_1_80' title='bbox 1553 1338 1751 1410; x_wconf 88' lang='lat' dir='ltr'><strong>istam</strong></span> <span class='ocrx_word' id='word_1_81' title='bbox 1799 1347 1954 1411; x_wconf 85' lang='lat' dir='ltr'><strong>sunt</strong></span> <span class='ocrx_word' id='word_1_82' title='bbox 1996 1341 2370 1438; x_wconf 71' lang='lat' dir='ltr'><strong>opinionem</strong></span> <span class='ocrx_word' id='word_1_83' title='bbox 2394 1366 2540 1414; x_wconf 69' lang='lat' dir='ltr'><strong>am-</strong></span> 
     </span>
     <span class='ocr_line' id='line_1_11' title="bbox 313 1435 1518 1532; baseline 0.003 -25"><span class='ocrx_word' id='word_1_84' title='bbox 313 1435 529 1532; x_wconf 81' lang='lat' dir='ltr'><strong>plexi,</strong></span> <span class='ocrx_word' id='word_1_85' title='bbox 580 1436 968 1508; x_wconf 81' lang='lat' dir='ltr'><strong>muniendae</strong></span> <span class='ocrx_word' id='word_1_86' title='bbox 1019 1437 1086 1510; x_wconf 90' lang='lat' dir='ltr'><strong>ei</strong></span> <span class='ocrx_word' id='word_1_87' title='bbox 1132 1438 1518 1512; x_wconf 87' lang='lat' dir='ltr'><strong>attulerunt.</strong></span> 
     </span>
    </p>

    <p class='ocr_par' dir='ltr' id='par_1_5' title="bbox 201 1537 2639 4070">
     <span class='ocr_line' id='line_1_12' title="bbox 516 1537 2639 1639; baseline 0.002 -31"><span class='ocrx_word' id='word_1_88' title='bbox 516 1537 629 1609; x_wconf 88' lang='lat' dir='ltr'><strong>Ad</strong></span> <span class='ocrx_word' id='word_1_89' title='bbox 673 1561 782 1630; x_wconf 85' lang='lat' dir='ltr'><strong>ea,</strong></span> <span class='ocrx_word' id='word_1_90' title='bbox 836 1561 1003 1633; x_wconf 84' lang='lat' dir='ltr'><strong>quae</strong></span> <span class='ocrx_word' id='word_1_91' title='bbox 1051 1537 1438 1612; x_wconf 85' lang='lat' dir='ltr'><strong>Loheekius</strong></span> <span class='ocrx_word' id='word_1_92' title='bbox 1491 1539 1572 1612; x_wconf 87' lang='lat' dir='ltr'><strong>de</strong></span> <span class='ocrx_word' id='word_1_93' title='bbox 1622 1546 1841 1613; x_wconf 85' lang='lat' dir='ltr'><strong>aetate</strong></span> <span class='ocrx_word' id='word_1_94' title='bbox 1875 1539 2135 1639; x_wconf 80' lang='lat' dir='ltr'><strong>Orphei</strong></span> <span class='ocrx_word' id='word_1_95' title='bbox 2182 1541 2346 1616; x_wconf 85' lang='lat' dir='ltr'><strong>diss.</strong></span> <span class='ocrx_word' id='word_1_96' title='bbox 2395 1539 2639 1617; x_wconf 85' lang='lat' dir='ltr'>IV.10</span> 
     </span>
     <span class='ocr_line' id='line_1_13' title="bbox 313 1638 2540 1739; baseline 0.004 -30"><span class='ocrx_word' id='word_1_97' title='bbox 313 1661 390 1735; x_wconf 88' lang='lat' dir='ltr'><strong>p.</strong></span> <span class='ocrx_word' id='word_1_98' title='bbox 440 1639 519 1713; x_wconf 75' lang='lat'><strong>9.</strong></span> <span class='ocrx_word' id='word_1_99' title='bbox 570 1639 708 1711; x_wconf 79' lang='lat' dir='ltr'><strong>sive</strong></span> <span class='ocrx_word' id='word_1_100' title='bbox 757 1638 1201 1736; x_wconf 76' lang='lat' dir='ltr'><strong>Aglaophami</strong></span> <span class='ocrx_word' id='word_1_101' title='bbox 1265 1666 1336 1738; x_wconf 87' lang='lat' dir='ltr'><strong>p.</strong></span> <span class='ocrx_word' id='word_1_102' title='bbox 1383 1643 1566 1716; x_wconf 77' lang='lat'><strong>975.</strong></span> <span class='ocrx_word' id='word_1_103' title='bbox 1617 1642 1925 1739; x_wconf 75' lang='lat' dir='ltr'><strong>scripsit,</strong></span> <span class='ocrx_word' id='word_1_104' title='bbox 1991 1643 2379 1718; x_wconf 89' lang='lat' dir='ltr'><strong>Boeckhius</strong></span> <span class='ocrx_word' id='word_1_105' title='bbox 2425 1671 2540 1719; x_wconf 83' lang='lat' dir='ltr'><strong>re·-</strong></span> 
     </span>
     <span class='ocr_line' id='line_1_14' title="bbox 315 1738 2539 1845; baseline 0.004 -34"><span class='ocrx_word' id='word_1_106' title='bbox 315 1738 590 1835; x_wconf 79' lang='lat' dir='ltr'><strong>spondit</strong></span> <span class='ocrx_word' id='word_1_107' title='bbox 649 1740 715 1811; x_wconf 93' lang='lat' dir='ltr'><strong>in</strong></span> <span class='ocrx_word' id='word_1_108' title='bbox 782 1738 1084 1838; x_wconf 85' lang='lat' dir='ltr'><strong>Corpore</strong></span> <span class='ocrx_word' id='word_1_109' title='bbox 1131 1740 1451 1840; x_wconf 89' lang='lat' dir='ltr'><strong>Inscript.</strong></span> <span class='ocrx_word' id='word_1_110' title='bbox 1505 1744 1641 1815; x_wconf 81' lang='lat' dir='ltr'><strong>vol.</strong></span> <span class='ocrx_word' id='word_1_111' title='bbox 1692 1740 1758 1815; x_wconf 91' lang='lat'><strong>1.</strong></span> <span class='ocrx_word' id='word_1_112' title='bbox 1827 1768 1900 1841; x_wconf 88' lang='lat' dir='ltr'><strong>p.</strong></span> <span class='ocrx_word' id='word_1_113' title='bbox 1951 1747 2127 1821; x_wconf 79' lang='lat'><strong>766.</strong></span> <span class='ocrx_word' id='word_1_114' title='bbox 2194 1746 2306 1822; x_wconf 87' lang='lat' dir='ltr'><strong>uhi</strong></span> <span class='ocrx_word' id='word_1_115' title='bbox 2371 1772 2539 1845; x_wconf 81' lang='lat' dir='ltr'><strong>quae</strong></span> 
     </span>
     <span class='ocr_line' id='line_1_15' title="bbox 316 1840 2541 1946; baseline 0.001 -35"><span class='ocrx_word' id='word_1_116' title='bbox 316 1863 521 1937; x_wconf 81' lang='lat' dir='ltr'><strong>aegre</strong></span> <span class='ocrx_word' id='word_1_117' title='bbox 571 1840 935 1914; x_wconf 77' lang='lat' dir='ltr'><strong>dissensum</strong></span> <span class='ocrx_word' id='word_1_118' title='bbox 999 1842 1271 1916; x_wconf 86' lang='lat' dir='ltr'><strong>ferentis</strong></span> <span class='ocrx_word' id='word_1_119' title='bbox 1337 1845 1559 1941; x_wconf 88' lang='lat' dir='ltr'><strong>potius</strong></span> <span class='ocrx_word' id='word_1_120' title='bbox 1627 1869 1817 1941; x_wconf 84' lang='lat' dir='ltr'><strong>quam</strong></span> <span class='ocrx_word' id='word_1_121' title='bbox 1880 1847 2138 1924; x_wconf 88' lang='lat' dir='ltr'><strong>ratione</strong></span> <span class='ocrx_word' id='word_1_122' title='bbox 2202 1858 2274 1920; x_wconf 85' lang='lat' dir='ltr'><strong>et</strong></span> <span class='ocrx_word' id='word_1_123' title='bbox 2334 1872 2541 1946; x_wconf 72' lang='lat' dir='ltr'><strong>argu-0</strong></span> 
     </span>
     <span class='ocr_line' id='line_1_16' title="bbox 313 1942 2539 2042; baseline 0.005 -30"><span class='ocrx_word' id='word_1_124' title='bbox 313 1942 555 2013; x_wconf 84' lang='lat' dir='ltr'><strong>mentis</strong></span> <span class='ocrx_word' id='word_1_125' title='bbox 608 1966 904 2015; x_wconf 81' lang='lat' dir='ltr'><strong>caussam</strong></span> <span class='ocrx_word' id='word_1_126' title='bbox 969 1968 1152 2016; x_wconf 85' lang='lat' dir='ltr'><strong>suam</strong></span> <span class='ocrx_word' id='word_1_127' title='bbox 1222 1947 1480 2042; x_wconf 82' lang='lat' dir='ltr'><strong>agentis</strong></span> <span class='ocrx_word' id='word_1_128' title='bbox 1531 1955 1724 2040; x_wconf 85' lang='lat' dir='ltr'><strong>sunt,</strong></span> <span class='ocrx_word' id='word_1_129' title='bbox 1797 1948 2063 2021; x_wconf 87' lang='lat' dir='ltr'><strong>silentio</strong></span> <span class='ocrx_word' id='word_1_130' title='bbox 2114 1957 2189 2020; x_wconf 90' lang='lat' dir='ltr'><strong>ut</strong></span> <span class='ocrx_word' id='word_1_131' title='bbox 2236 1950 2404 2022; x_wconf 87' lang='lat' dir='ltr'><strong>nihil</strong></span> <span class='ocrx_word' id='word_1_132' title='bbox 2453 1950 2539 2023; x_wconf 88' lang='lat' dir='ltr'><strong>ad</strong></span> 
     </span>
     <span class='ocr_line' id='line_1_17' title="bbox 201 2043 2539 2146; baseline 0.004 -33"><span class='ocrx_word' id='word_1_133' title='bbox 201 2071 204 2080; x_wconf 60' lang='grc'>’</span> <span class='ocrx_word' id='word_1_134' title='bbox 311 2066 454 2114; x_wconf 85' lang='lat' dir='ltr'><strong>rem</strong></span> <span class='ocrx_word' id='word_1_135' title='bbox 505 2043 815 2116; x_wconf 87' lang='lat' dir='ltr'><strong>facientia</strong></span> <span class='ocrx_word' id='word_1_136' title='bbox 861 2046 1146 2118; x_wconf 88' lang='lat' dir='ltr'><strong>transire</strong></span> <span class='ocrx_word' id='word_1_137' title='bbox 1195 2056 1515 2144; x_wconf 78' lang='lat' dir='ltr'><strong>praestat.</strong></span> <span class='ocrx_word' id='word_1_138' title='bbox 1615 2047 1908 2120; x_wconf 88' lang='lat' dir='ltr'><strong>Primum</strong></span> <span class='ocrx_word' id='word_1_139' title='bbox 1949 2050 2158 2146; x_wconf 83' lang='lat' dir='ltr'><strong>igitur</strong></span> <span class='ocrx_word' id='word_1_140' title='bbox 2187 2066 2539 2146; x_wconf 71' lang='lat' dir='ltr'><strong>argumen-</strong></span> 
     </span>
     <span class='ocr_line' id='line_1_18' title="bbox 310 2145 2538 2249; baseline 0.004 -34"><span class='ocrx_word' id='word_1_141' title='bbox 310 2151 491 2235; x_wconf 86' lang='lat' dir='ltr'><strong>tum,</strong></span> <span class='ocrx_word' id='word_1_142' title='bbox 546 2145 730 2241; x_wconf 83' lang='lat' dir='ltr'><strong>quod</strong></span> <span class='ocrx_word' id='word_1_143' title='bbox 772 2146 1001 2238; x_wconf 83' lang='lat' dir='ltr'><strong>affert,</strong></span> <span class='ocrx_word' id='word_1_144' title='bbox 1054 2147 1185 2220; x_wconf 87' lang='lat' dir='ltr'><strong>hoc</strong></span> <span class='ocrx_word' id='word_1_145' title='bbox 1233 2157 1372 2240; x_wconf 88' lang='lat' dir='ltr'><strong>est,</strong></span> <span class='ocrx_word' id='word_1_146' title='bbox 1427 2158 1738 2245; x_wconf 82' lang='lat' dir='ltr'><strong>quantum</strong></span> <span class='ocrx_word' id='word_1_147' title='bbox 1785 2149 2247 2245; x_wconf 84' lang='lat' dir='ltr'><strong>Sicyoniorum</strong></span> <span class='ocrx_word' id='word_1_148' title='bbox 2297 2153 2538 2249; x_wconf 81' lang='lat' dir='ltr'><strong>tragici</strong></span> 
     </span>
     <span class='ocr_line' id='line_1_19' title="bbox 312 2245 2538 2347; baseline 0.004 -30"><span class='ocrx_word' id='word_1_149' title='bbox 312 2245 503 2318; x_wconf 76' lang='lat' dir='ltr'><strong>chori</strong></span> <span class='ocrx_word' id='word_1_150' title='bbox 519 2295 543 2337; x_wconf 91' lang='lat'><strong>,</strong></span> <span class='ocrx_word' id='word_1_151' title='bbox 617 2254 946 2343; x_wconf 85' lang='lat' dir='ltr'><strong>quantum·</strong></span> <span class='ocrx_word' id='word_1_152' title='bbox 976 2248 1450 2344; x_wconf 82' lang='lat' dir='ltr'><strong>Aeginetarum</strong></span> <span class='ocrx_word' id='word_1_153' title='bbox 1499 2252 1740 2324; x_wconf 91' lang='lat' dir='ltr'><strong>comici</strong></span> <span class='ocrx_word' id='word_1_154' title='bbox 1802 2274 1844 2322; x_wconf 87' lang='lat' dir='ltr'><strong>a</strong></span> <span class='ocrx_word' id='word_1_155' title='bbox 1891 2252 2236 2347; x_wconf 81' lang='lat' dir='ltr'><strong>tragoedia</strong></span> <span class='ocrx_word' id='word_1_156' title='bbox 2297 2260 2369 2324; x_wconf 90' lang='lat' dir='ltr'><strong>et</strong></span> <span class='ocrx_word' id='word_1_157' title='bbox 2416 2277 2538 2325; x_wconf 85' lang='lat' dir='ltr'><strong>co·-</strong></span> 
     </span>
     <span class='ocr_line' id='line_1_20' title="bbox 309 2346 2537 2445; baseline 0.003 -25"><span class='ocrx_word' id='word_1_158' title='bbox 309 2346 595 2420; x_wconf 88' lang='lat' dir='ltr'><strong>moedia·</strong></span> <span class='ocrx_word' id='word_1_159' title='bbox 637 2347 925 2420; x_wconf 71' lang='lat' dir='ltr'><strong>asum-int</strong></span> <span class='ocrx_word' id='word_1_160' title='bbox 989 2350 1336 2421; x_wconf 83' lang='lat' dir='ltr'><strong>aestimare</strong></span> <span class='ocrx_word' id='word_1_161' title='bbox 1400 2376 1533 2422; x_wconf 88' lang='lat' dir='ltr'><strong>non</strong></span> <span class='ocrx_word' id='word_1_162' title='bbox 1594 2352 1841 2442; x_wconf 89' lang='lat' dir='ltr'><strong>licere,</strong></span> <span class='ocrx_word' id='word_1_163' title='bbox 1906 2352 2037 2423; x_wconf 78' lang='lat' dir='ltr'><strong>nisi</strong></span> <span class='ocrx_word' id='word_1_164' title='bbox 2086 2362 2394 2445; x_wconf 78' lang='lat' dir='ltr'><strong>eatenus,</strong></span> <span class='ocrx_word' id='word_1_165' title='bbox 2460 2362 2537 2427; x_wconf 89' lang='lat' dir='ltr'><strong>ut</strong></span> 
     </span>
     <span class='ocr_line' id='line_1_21' title="bbox 307 2447 2541 2549; baseline 0.003 -29"><span class='ocrx_word' id='word_1_166' title='bbox 307 2472 445 2520; x_wconf 84' lang='lat' dir='ltr'><strong>non</strong></span> <span class='ocrx_word' id='word_1_167' title='bbox 496 2447 747 2521; x_wconf 81' lang='lat' dir='ltr'><strong>fuerint</strong></span> <span class='ocrx_word' id='word_1_168' title='bbox 797 2449 1165 2540; x_wconf 83' lang='lat' dir='ltr'><strong>dramatici,</strong></span> <span class='ocrx_word' id='word_1_169' title='bbox 1217 2452 1335 2522; x_wconf 87' lang='lat' dir='ltr'><strong>sed</strong></span> <span class='ocrx_word' id='word_1_170' title='bbox 1383 2452 1603 2546; x_wconf 78' lang='lat' dir='ltr'><strong>lyrici,</strong></span> <span class='ocrx_word' id='word_1_171' title='bbox 1657 2461 1885 2549; x_wconf 88' lang='lat' dir='ltr'><strong>utpote</strong></span> <span class='ocrx_word' id='word_1_172' title='bbox 1936 2452 2160 2525; x_wconf 80' lang='lat' dir='ltr'><strong>chori:</strong></span> <span class='ocrx_word' id='word_1_173' title='bbox 2233 2455 2413 2526; x_wconf 75' lang='lat' dir='ltr'><strong>aliud</strong></span> <span class='ocrx_word' id='word_1_174' title='bbox 2462 2479 2541 2527; x_wconf 85' lang='lat' dir='ltr'><strong>so</strong></span> 
     </span>
     <span class='ocr_line' id='line_1_22' title="bbox 309 2549 2539 2648; baseline 0.004 -28"><span class='ocrx_word' id='word_1_175' title='bbox 309 2549 672 2622; x_wconf 79' lang='lat' dir='ltr'><strong>discrimen</strong></span> <span class='ocrx_word' id='word_1_176' title='bbox 733 2574 865 2622; x_wconf 87' lang='lat' dir='ltr'><strong>non</strong></span> <span class='ocrx_word' id='word_1_177' title='bbox 929 2552 1261 2648; x_wconf 86' lang='lat' dir='ltr'><strong>reperire,</strong></span> <span class='ocrx_word' id='word_1_178' title='bbox 1343 2576 1468 2625; x_wconf 89' lang='lat' dir='ltr'><strong>nec</strong></span> <span class='ocrx_word' id='word_1_179' title='bbox 1533 2552 2017 2625; x_wconf 75' lang='lat' dir='ltr'><strong>demonstrasse</strong></span> <span class='ocrx_word' id='word_1_180' title='bbox 2080 2552 2539 2646; x_wconf 76' lang='lat' dir='ltr'><strong>Loheckium3</strong></span> 
     </span>
     <span class='ocr_line' id='line_1_23' title="bbox 305 2650 2539 2750; baseline 0.004 -29"><span class='ocrx_word' id='word_1_181' title='bbox 305 2650 514 2738; x_wconf 84' lang='lat' dir='ltr'><strong>immo</strong></span> <span class='ocrx_word' id='word_1_182' title='bbox 565 2675 826 2724; x_wconf 81' lang='lat' dir='ltr'><strong>manere</strong></span> <span class='ocrx_word' id='word_1_183' title='bbox 890 2653 1222 2748; x_wconf 82' lang='lat' dir='ltr'><strong>tragicos,</strong></span> <span class='ocrx_word' id='word_1_184' title='bbox 1296 2677 1556 2725; x_wconf 87' lang='lat' dir='ltr'><strong>manere</strong></span> <span class='ocrx_word' id='word_1_185' title='bbox 1617 2654 1906 2726; x_wconf 85' lang='lat' dir='ltr'><strong>comicos</strong></span> <span class='ocrx_word' id='word_1_186' title='bbox 1957 2652 2416 2750; x_wconf 79' lang='lat' dir='ltr'><strong>Sicyoniorum</strong></span> <span class='ocrx_word' id='word_1_187' title='bbox 2464 2667 2539 2730; x_wconf 79' lang='lat' dir='ltr'><strong>et</strong></span> 
     </span>
     <span class='ocr_line' id='line_1_24' title="bbox 305 2751 2538 2851; baseline 0.002 -27"><span class='ocrx_word' id='word_1_188' title='bbox 305 2751 787 2849; x_wconf 82' lang='lat' dir='ltr'><strong>Aeginetarum</strong></span> <span class='ocrx_word' id='word_1_189' title='bbox 838 2754 1103 2846; x_wconf 87' lang='lat' dir='ltr'><strong>choros,</strong></span> <span class='ocrx_word' id='word_1_190' title='bbox 1158 2779 1322 2850; x_wconf 79' lang='lat' dir='ltr'><strong>quos</strong></span> <span class='ocrx_word' id='word_1_191' title='bbox 1357 2755 1541 2827; x_wconf 77' lang='lat' dir='ltr'><strong>nulla</strong></span> <span class='ocrx_word' id='word_1_192' title='bbox 1591 2754 1739 2851; x_wconf 80' lang='lat' dir='ltr'><strong>quis</strong></span> <span class='ocrx_word' id='word_1_193' title='bbox 1774 2763 1915 2827; x_wconf 83' lang='lat' dir='ltr'><strong>arte</strong></span> <span class='ocrx_word' id='word_1_194' title='bbox 1956 2757 2336 2829; x_wconf 83' lang='lat' dir='ltr'><strong>removerit.</strong></span> <span class='ocrx_word' id='word_1_195' title='bbox 2414 2755 2538 2831; x_wconf 80' lang='lat' dir='ltr'><strong>Si·-</strong></span> 
     </span>
     <span class='ocr_line' id='line_1_25' title="bbox 307 2854 2539 2956; baseline 0.003 -30"><span class='ocrx_word' id='word_1_196' title='bbox 307 2855 696 2950; x_wconf 82' lang='lat' dir='ltr'><strong>eyoniornm</strong></span> <span class='ocrx_word' id='word_1_197' title='bbox 746 2854 985 2929; x_wconf 87' lang='lat' dir='ltr'><strong>choros</strong></span> <span class='ocrx_word' id='word_1_198' title='bbox 1036 2879 1237 2953; x_wconf 85' lang='lat' dir='ltr'><strong>snpra</strong></span> <span class='ocrx_word' id='word_1_199' title='bbox 1275 2857 1559 2928; x_wconf 82' lang='lat' dir='ltr'><strong>diximus</strong></span> <span class='ocrx_word' id='word_1_200' title='bbox 1602 2856 2043 2952; x_wconf 76' lang='lat' dir='ltr'><strong>dithyrambos</strong></span> <span class='ocrx_word' id='word_1_201' title='bbox 2084 2856 2316 2951; x_wconf 82' lang='lat' dir='ltr'><strong>fnisse,</strong></span> <span class='ocrx_word' id='word_1_202' title='bbox 2369 2871 2539 2956; x_wconf 79' lang='lat' dir='ltr'><strong>quos</strong></span> 
     </span>
     <span class='ocr_line' id='line_1_26' title="bbox 309 2955 2537 3052; baseline 0.004 -26"><span class='ocrx_word' id='word_1_203' title='bbox 309 2956 467 3052; x_wconf 85' lang='lat' dir='ltr'><strong>quia</strong></span> <span class='ocrx_word' id='word_1_204' title='bbox 521 2962 658 3027; x_wconf 84' lang='lat' dir='ltr'><strong>tum</strong></span> <span class='ocrx_word' id='word_1_205' title='bbox 708 2956 877 3027; x_wconf 79' lang='lat' dir='ltr'><strong>nihil</strong></span> <span class='ocrx_word' id='word_1_206' title='bbox 940 2955 1023 3028; x_wconf 89' lang='lat' dir='ltr'><strong>de</strong></span> <span class='ocrx_word' id='word_1_207' title='bbox 1072 2956 1340 3030; x_wconf 86' lang='lat' dir='ltr'><strong>Baccho</strong></span> <span class='ocrx_word' id='word_1_208' title='bbox 1394 2958 1844 3050; x_wconf 88' lang='lat' dir='ltr'><strong>continerent,</strong></span> <span class='ocrx_word' id='word_1_209' title='bbox 1908 2980 2043 3030; x_wconf 86' lang='lat' dir='ltr'><strong>nou</strong></span> <span class='ocrx_word' id='word_1_210' title='bbox 2090 2959 2223 3031; x_wconf 89' lang='lat' dir='ltr'><strong>isto</strong></span> <span class='ocrx_word' id='word_1_211' title='bbox 2272 2962 2537 3034; x_wconf 88' lang='lat' dir='ltr'><strong>nomine</strong></span> 
     </span>
     <span class='ocr_line' id='line_1_27' title="bbox 307 3056 2539 3158; baseline 0.003 -30"><span class='ocrx_word' id='word_1_212' title='bbox 307 3057 753 3155; x_wconf 85' lang='lat' dir='ltr'><strong>appellaverit</strong></span> <span class='ocrx_word' id='word_1_213' title='bbox 801 3056 1210 3130; x_wconf 86' lang='lat' dir='ltr'><strong>Herodotus.</strong></span> <span class='ocrx_word' id='word_1_214' title='bbox 1326 3058 1798 3155; x_wconf 80' lang='lat' dir='ltr'><strong>Aeginetarnm</strong></span> <span class='ocrx_word' id='word_1_215' title='bbox 1863 3067 2079 3130; x_wconf 84' lang='lat' dir='ltr'><strong>autem</strong></span> <span class='ocrx_word' id='word_1_216' title='bbox 2130 3060 2319 3133; x_wconf 88' lang='lat' dir='ltr'><strong>chori</strong></span> <span class='ocrx_word' id='word_1_217' title='bbox 2369 3085 2539 3158; x_wconf 85' lang='lat' dir='ltr'><strong>qua-</strong></span> 
     </span>
     <span class='ocr_line' id='line_1_28' title="bbox 306 3158 2535 3259; baseline 0.003 -29"><span class='ocrx_word' id='word_1_218' title='bbox 306 3158 410 3231; x_wconf 86' lang='lat' dir='ltr'><strong>les</strong></span> <span class='ocrx_word' id='word_1_219' title='bbox 460 3158 751 3250; x_wconf 84' lang='lat' dir='ltr'><strong>fuerint,</strong></span> <span class='ocrx_word' id='word_1_220' title='bbox 814 3159 986 3232; x_wconf 91' lang='lat' dir='ltr'><strong>idem</strong></span> <span class='ocrx_word' id='word_1_221' title='bbox 1039 3159 1394 3232; x_wconf 88' lang='lat' dir='ltr'><strong>historicus</strong></span> <span class='ocrx_word' id='word_1_222' title='bbox 1445 3158 1543 3232; x_wconf 91' lang='lat' dir='ltr'><strong>V.</strong></span> <span class='ocrx_word' id='word_1_223' title='bbox 1596 3163 1743 3234; x_wconf 69' lang='grc'><strong>83.</strong></span> <span class='ocrx_word' id='word_1_224' title='bbox 1774 3160 2121 3258; x_wconf 82' lang='lat' dir='ltr'><strong>exposuit,</strong></span> <span class='ocrx_word' id='word_1_225' title='bbox 2190 3159 2270 3232; x_wconf 90' lang='lat' dir='ltr'><strong>de</strong></span> <span class='ocrx_word' id='word_1_226' title='bbox 2322 3163 2535 3259; x_wconf 79' lang='lat' dir='ltr'><strong>signis</strong></span> 
     </span>
     <span class='ocr_line' id='line_1_29' title="bbox 305 3256 2535 3357; baseline 0.002 -25"><span class='ocrx_word' id='word_1_227' title='bbox 305 3259 596 3332; x_wconf 84' lang='lat' dir='ltr'><strong>Damiae</strong></span> <span class='ocrx_word' id='word_1_228' title='bbox 659 3268 859 3356; x_wconf 85' lang='lat' dir='ltr'><strong>atque</strong></span> <span class='ocrx_word' id='word_1_229' title='bbox 906 3260 1243 3333; x_wconf 84' lang='lat' dir='ltr'><strong>Auxesiae</strong></span> <span class='ocrx_word' id='word_1_230' title='bbox 1315 3261 1414 3333; x_wconf 87' lang='lat' dir='ltr'><strong>sic</strong></span> <span class='ocrx_word' id='word_1_231' title='bbox 1482 3262 1821 3342; x_wconf 81' lang='lat' dir='ltr'><strong>scribens=</strong></span> <span class='ocrx_word' id='word_1_232' title='bbox 1901 3256 2385 3357; x_wconf 72' lang='grc' dir='ltr'><em>ἱδρυσάμενοι</em></span> <span class='ocrx_word' id='word_1_233' title='bbox 2449 3261 2535 3338; x_wconf 72' lang='grc' dir='ltr'><strong>δὲ</strong></span> 
     </span>
     <span class='ocr_line' id='line_1_30' title="bbox 307 3357 2537 3466; baseline 0 -32"><span class='ocrx_word' id='word_1_234' title='bbox 307 3362 395 3438; x_wconf 73' lang='grc' dir='ltr'><strong>ἐν</strong></span> <span class='ocrx_word' id='word_1_235' title='bbox 442 3357 691 3457; x_wconf 80' lang='grc' dir='ltr'><strong><em>τούτῳ</em></strong></span> <span class='ocrx_word' id='word_1_236' title='bbox 739 3368 847 3458; x_wconf 72' lang='grc' dir='ltr'><strong>τῷ</strong></span> <span class='ocrx_word' id='word_1_237' title='bbox 889 3358 1119 3459; x_wconf 77' lang='grc' dir='ltr'><em>χώρῳ</em></span> <span class='ocrx_word' id='word_1_238' title='bbox 1161 3359 1476 3457; x_wconf 77' lang='grc' dir='ltr'><strong><em>θυσίῃσί</em></strong></span> <span class='ocrx_word' id='word_1_239' title='bbox 1522 3360 1609 3434; x_wconf 77' lang='grc' dir='ltr'><strong>τέ</strong></span> <span class='ocrx_word' id='word_1_240' title='bbox 1651 3387 1843 3459; x_wconf 82' lang='grc' dir='ltr'><strong><em>σφεα</em></strong></span> <span class='ocrx_word' id='word_1_241' title='bbox 1891 3362 2017 3436; x_wconf 83' lang='grc' dir='ltr'><strong>καὶ</strong></span> <span class='ocrx_word' id='word_1_242' title='bbox 2058 3368 2349 3460; x_wconf 75' lang='grc' dir='ltr'><strong><em>χοροῖσι</em></strong></span> <span class='ocrx_word' id='word_1_243' title='bbox 2395 3391 2537 3466; x_wconf 78' lang='lat' dir='ltr'><strong>yv-</strong></span> 
     </span>
     <span class='ocr_line' id='line_1_31' title="bbox 306 3460 2573 3565; baseline 0.001 -27"><span class='ocrx_word' id='word_1_244' title='bbox 306 3461 712 3557; x_wconf 73' lang='grc' dir='ltr'><strong><em>ναικηΐοισι</em></strong></span> <span class='ocrx_word' id='word_1_245' title='bbox 759 3460 1175 3562; x_wconf 78' lang='grc' dir='ltr'><strong><em>κερτόμοισι</em></strong></span> <span class='ocrx_word' id='word_1_246' title='bbox 1196 3544 1205 3554; x_wconf 50' lang='grc'>,</span> <span class='ocrx_word' id='word_1_247' title='bbox 1223 3460 1652 3552; x_wconf 77' lang='grc' dir='ltr'><strong><em>ἱλάσκοντο,</em></strong></span> <span class='ocrx_word' id='word_1_248' title='bbox 1698 3470 2046 3565; x_wconf 72' lang='grc' dir='ltr'><strong><em>χορηγῶν</em></strong></span> <span class='ocrx_word' id='word_1_249' title='bbox 2095 3462 2573 3541; x_wconf 75' lang='grc' dir='ltr'><strong><em>ἀποδεικνυ-’</em></strong></span> 
     </span>
     <span class='ocr_line' id='line_1_32' title="bbox 309 3561 2537 3664; baseline 0.003 -28"><span class='ocrx_word' id='word_1_250' title='bbox 309 3562 568 3659; x_wconf 76' lang='grc' dir='ltr'><strong><em>μένων</em></strong></span> <span class='ocrx_word' id='word_1_251' title='bbox 615 3563 914 3662; x_wconf 77' lang='grc' dir='ltr'><em>ἑκατέρῃ</em></span> <span class='ocrx_word' id='word_1_252' title='bbox 974 3572 1133 3639; x_wconf 78' lang='grc' dir='ltr'><strong>τῶν</strong></span> <span class='ocrx_word' id='word_1_253' title='bbox 1193 3561 1580 3660; x_wconf 76' lang='grc' dir='ltr'><em>δαιμόνων</em></span> <span class='ocrx_word' id='word_1_254' title='bbox 1642 3563 1821 3639; x_wconf 79' lang='grc' dir='ltr'><strong><em>δέκα</em></strong></span> <span class='ocrx_word' id='word_1_255' title='bbox 1884 3564 2192 3664; x_wconf 75' lang='grc' dir='ltr'><strong><em>ἀνδρῶν</em></strong></span> <span class='ocrx_word' id='word_1_256' title='bbox 2206 3593 2224 3610; x_wconf 85' lang='grc'><em>·</em></span> <span class='ocrx_word' id='word_1_257' title='bbox 2289 3575 2537 3651; x_wconf 77' lang='grc' dir='ltr'><strong><em>κακῶς</em></strong></span> 
     </span>
     <span class='ocr_line' id='line_1_33' title="bbox 310 3659 2533 3766; baseline 0 -25"><span class='ocrx_word' id='word_1_258' title='bbox 310 3663 396 3741; x_wconf 79' lang='grc' dir='ltr'><strong>δὲ</strong></span> <span class='ocrx_word' id='word_1_259' title='bbox 446 3659 811 3766; x_wconf 76' lang='grc' dir='ltr'><strong><em>ἠγόρευον</em></strong></span> <span class='ocrx_word' id='word_1_260' title='bbox 859 3666 930 3739; x_wconf 78' lang='grc' dir='ltr'><strong>οἱ</strong></span> <span class='ocrx_word' id='word_1_261' title='bbox 969 3665 1183 3765; x_wconf 79' lang='grc' dir='ltr'><strong><em>χοροὶ</em></strong></span> <span class='ocrx_word' id='word_1_262' title='bbox 1234 3664 1478 3764; x_wconf 80' lang='grc' dir='ltr'><strong><em>ἄνδρα</em></strong></span> <span class='ocrx_word' id='word_1_263' title='bbox 1526 3664 1668 3763; x_wconf 74' lang='grc' dir='ltr'><strong>μὲν</strong></span> <span class='ocrx_word' id='word_1_264' title='bbox 1711 3663 2018 3755; x_wconf 79' lang='grc' dir='ltr'><strong><em>οὐδένα,</em></strong></span> <span class='ocrx_word' id='word_1_265' title='bbox 2069 3664 2203 3751; x_wconf 80' lang='grc' dir='ltr'><strong>τὰς</strong></span> <span class='ocrx_word' id='word_1_266' title='bbox 2252 3665 2335 3754; x_wconf 78' lang='grc' dir='ltr'><strong>δὲ</strong></span> <span class='ocrx_word' id='word_1_267' title='bbox 2377 3671 2533 3743; x_wconf 79' lang='grc' dir='ltr'><strong><em>ἐπι-</em></strong></span> 
     </span>
     <span class='ocr_line' id='line_1_34' title="bbox 304 3761 2532 3868; baseline 0.002 -28"><span class='ocrx_word' id='word_1_268' title='bbox 304 3768 594 3865; x_wconf 78' lang='grc' dir='ltr'><strong><em>χωρίας</em></strong></span> <span class='ocrx_word' id='word_1_269' title='bbox 639 3772 1018 3868; x_wconf 76' lang='grc' dir='ltr'><strong><em>γυναῖκας.</em></strong></span> <span class='ocrx_word' id='word_1_270' title='bbox 1081 3763 1275 3864; x_wconf 79' lang='grc' dir='ltr'><strong><em>ἦσαν</em></strong></span> <span class='ocrx_word' id='word_1_271' title='bbox 1323 3765 1405 3843; x_wconf 77' lang='grc' dir='ltr'><strong>δὲ</strong></span> <span class='ocrx_word' id='word_1_272' title='bbox 1442 3768 1582 3843; x_wconf 75' lang='grc' dir='ltr'><strong>καὶ</strong></span> <span class='ocrx_word' id='word_1_273' title='bbox 1615 3765 2147 3865; x_wconf 76' lang='grc' dir='ltr'><strong><em>Ἐπιδαυρίοισι</em></strong></span> <span class='ocrx_word' id='word_1_274' title='bbox 2173 3761 2401 3843; x_wconf 83' lang='grc' dir='ltr'><strong><em>αὗται</em></strong></span> <span class='ocrx_word' id='word_1_275' title='bbox 2452 3770 2532 3845; x_wconf 79' lang='grc' dir='ltr'><strong>αἱ</strong></span> 
     </span>
     <span class='ocr_line' id='line_1_35' title="bbox 310 3866 2605 4070; baseline 0.001 -26"><span class='ocrx_word' id='word_1_276' title='bbox 310 3866 659 4044; x_wconf 48' lang='lat' dir='ltr'><strong>{zazoa-2²·</strong></span> <span class='ocrx_word' id='word_1_277' title='bbox 679 3868 1077 4044; x_wconf 58' lang='lat' dir='ltr'><strong>fflss„</strong></span> <span class='ocrx_word' id='word_1_278' title='bbox 1098 3896 1230 4045; x_wconf 61' lang='lat' dir='ltr'><strong>¹¹22ss</strong></span> <span class='ocrx_word' id='word_1_279' title='bbox 1528 3871 2528 4070; x_wconf 51' lang='lat' dir='ltr'><strong>marm?</strong></span> <span class='ocrx_word' id='word_1_280' title='bbox 2598 3983 2605 3992; x_wconf 64' lang='lat'><em>‚</em></span> 
     </span>
    </p>

    <p class='ocr_par' dir='ltr' id='par_1_6' title="bbox 1230 4011 2532 4065">
     <span class='ocr_line' id='line_1_36' title="bbox 1230 4011 2532 4065; baseline 0.003 -35"><span class='ocrx_word' id='word_1_281' title='bbox 1230 4025 1254 4065; x_wconf 58' lang='lat'><em>9</em></span> <span class='ocrx_word' id='word_1_282' title='bbox 2490 4011 2532 4034; x_wconf 79' lang='grc'><strong>.-</strong></span> 
     </span>
    </p>

    <p class='ocr_par' dir='ltr' id='par_1_7' title="bbox 312 4072 2677 4476">
     <span class='ocr_line' id='line_1_37' title="bbox 312 4072 2528 4171; baseline 0 -24"><span class='ocrx_word' id='word_1_283' title='bbox 312 4072 545 4147; x_wconf 81' lang='lat' dir='ltr'><strong>xesiae</strong></span> <span class='ocrx_word' id='word_1_284' title='bbox 595 4074 704 4144; x_wconf 78' lang='lat' dir='ltr'><strong>vel</strong></span> <span class='ocrx_word' id='word_1_285' title='bbox 766 4098 853 4145; x_wconf 84' lang='lat' dir='ltr'><strong>ex</strong></span> <span class='ocrx_word' id='word_1_286' title='bbox 918 4082 1210 4170; x_wconf 88' lang='lat' dir='ltr'><strong>tempore</strong></span> <span class='ocrx_word' id='word_1_287' title='bbox 1272 4074 1593 4146; x_wconf 88' lang='lat' dir='ltr'><strong>iocularia</strong></span> <span class='ocrx_word' id='word_1_288' title='bbox 1655 4098 1804 4146; x_wconf 88' lang='lat' dir='ltr'><strong>cnm</strong></span> <span class='ocrx_word' id='word_1_289' title='bbox 1855 4073 2200 4147; x_wconf 84' lang='lat' dir='ltr'><strong>dicacitate</strong></span> <span class='ocrx_word' id='word_1_290' title='bbox 2251 4077 2528 4171; x_wconf 84' lang='lat' dir='ltr'><strong>quadam</strong></span> 
     </span>
     <span class='ocr_line' id='line_1_38' title="bbox 314 4175 2677 4275; baseline 0.001 -30"><span class='ocrx_word' id='word_1_291' title='bbox 314 4183 520 4270; x_wconf 83' lang='lat' dir='ltr'><strong>atque</strong></span> <span class='ocrx_word' id='word_1_292' title='bbox 565 4175 881 4247; x_wconf 79' lang='lat' dir='ltr'><strong>conviciis</strong></span> <span class='ocrx_word' id='word_1_293' title='bbox 946 4175 1017 4247; x_wconf 92' lang='lat' dir='ltr'><strong>in</strong></span> <span class='ocrx_word' id='word_1_294' title='bbox 1083 4176 1387 4248; x_wconf 89' lang='lat' dir='ltr'><strong>mulieres</strong></span> <span class='ocrx_word' id='word_1_295' title='bbox 1453 4199 1621 4272; x_wconf 86' lang='lat' dir='ltr'><strong>quae</strong></span> <span class='ocrx_word' id='word_1_296' title='bbox 1685 4199 1990 4273; x_wconf 87' lang='lat' dir='ltr'><strong>pompam</strong></span> <span class='ocrx_word' id='word_1_297' title='bbox 2053 4185 2427 4274; x_wconf 86' lang='lat' dir='ltr'><strong>spectarent</strong></span> <span class='ocrx_word' id='word_1_298' title='bbox 2486 4199 2529 4248; x_wconf 89' lang='lat' dir='ltr'><strong>a</strong></span> <span class='ocrx_word' id='word_1_299' title='bbox 2665 4259 2677 4275; x_wconf 36' lang='grc' dir='ltr'><strong><em>Ι</em></strong></span> 
     </span>
     <span class='ocr_line' id='line_1_39' title="bbox 313 4267 2531 4373; baseline 0.001 -26"><span class='ocrx_word' id='word_1_300' title='bbox 313 4267 579 4347; x_wconf 77' lang='lat' dir='ltr'><strong>feminis</strong></span> <span class='ocrx_word' id='word_1_301' title='bbox 629 4275 911 4350; x_wconf 88' lang='lat' dir='ltr'><strong>choricis</strong></span> <span class='ocrx_word' id='word_1_302' title='bbox 978 4301 1124 4349; x_wconf 86' lang='lat' dir='ltr'><strong>esse</strong></span> <span class='ocrx_word' id='word_1_303' title='bbox 1186 4277 1469 4369; x_wconf 84' lang='lat' dir='ltr'><strong>iactata,</strong></span> <span class='ocrx_word' id='word_1_304' title='bbox 1538 4277 1649 4349; x_wconf 81' lang='lat' dir='ltr'><strong>vel</strong></span> <span class='ocrx_word' id='word_1_305' title='bbox 1714 4284 2009 4350; x_wconf 86' lang='lat' dir='ltr'><strong>cantatas</strong></span> <span class='ocrx_word' id='word_1_306' title='bbox 2073 4299 2221 4350; x_wconf 87' lang='lat' dir='ltr'><strong>esse</strong></span> <span class='ocrx_word' id='word_1_307' title='bbox 2270 4277 2531 4373; x_wconf 86' lang='lat' dir='ltr'><strong>aliquas</strong></span> 
     </span>
     <span class='ocr_line' id='line_1_40' title="bbox 315 4375 2529 4476; baseline 0.001 -27"><span class='ocrx_word' id='word_1_308' title='bbox 315 4378 402 4450; x_wconf 89' lang='lat' dir='ltr'><strong>de</strong></span> <span class='ocrx_word' id='word_1_309' title='bbox 453 4375 778 4460; x_wconf 82' lang='lat' dir='ltr'><strong>industria</strong></span> <span class='ocrx_word' id='word_1_310' title='bbox 824 4379 1222 4476; x_wconf 79' lang='lat' dir='ltr'><strong>compositas</strong></span> <span class='ocrx_word' id='word_1_311' title='bbox 1272 4379 1636 4472; x_wconf 85' lang='lat' dir='ltr'><strong>cantiones,</strong></span> <span class='ocrx_word' id='word_1_312' title='bbox 1686 4378 1917 4475; x_wconf 86' lang='lat' dir='ltr'><strong>quales</strong></span> <span class='ocrx_word' id='word_1_313' title='bbox 1962 4385 2281 4453; x_wconf 84' lang='lat' dir='ltr'><strong>memorat</strong></span> <span class='ocrx_word' id='word_1_314' title='bbox 2326 4378 2529 4452; x_wconf 78' lang='lat' dir='ltr'><strong>scho-</strong></span> 
     </span>
    </p>
   </div>
  </div>
 </body>
</html>
