3192 4992
1018 359 1123 420 nn
1158 357 1462 421 omnm
1500 339 1890 423 mxxv&
2207 323 2216 336 ’
2434 357 2567 429 m

341 543 498 603 sura
542 523 821 607 meri
866 522 1307 598 Eumenidum
1346 527 1431 624 'p.
1483 525 1762 624 fflssr‘)
1861 523 2223 602 Boeotieas
2269 528 2425 602 illas
2476 529 2563 603 ad

341 630 728 703 defluentem
778 627 966 701 lacus
1017 626 1345 725 Copaidis
1387 629 1897 704 enudationem
1941 637 2251 727 spectare
2298 630 2564 705 nomina

341 754 556 806 earum
604 727 917 827 produnt.
984 764 989 768 ·
2051 828 2057 840 .

537 844 708 940 Sed,
757 853 835 919 ut
884 844 968 918 ad
1000 844 1374 920 Minervam
1423 845 1784 940 veniamus,
1837 869 2004 943 quae
2055 854 2160 947 est
2191 847 2358 921 haee
2389 839 2568 921 dea?

337 972 507 1048 quae
569 956 809 1021 natura
871 937 1073 1020 eius?
1154 948 1331 1045 quod
1390 973 1625 1021 munus
1642 943 1680 1021 Ρ
1797 949 2131 1045 Agrorum
2200 949 2566 1023 fertilitatis

337 1072 741 1149 operumque
789 1049 1186 1122 rusticorum
1234 1046 1607 1148 praesidem
1656 1074 1805 1123 esse
1869 1050 2131 1146 quidam
2177 1058 2335 1136 sunt
2384 1073 2569 1124 eom·-
2681 1101 2704 1124 x

334 1152 568 1226 menti.
682 1149 1086 1223 Mirantibus
1152 1176 1281 1248 quo
1342 1151 1414 1223 id
1464 1160 1850 1249 argumento
1902 1145 2198 1244 dicatur,
2266 1152 2570 1225 Butadae

335 1253 761 1346 sacerdotes,
812 1252 1106 1350 virgines
1154 1251 1556 1350 Agraulides
1570 1304 1596 1346 ,
1661 1254 1812 1349 ipsa
1860 1252 2142 1349 denique
2195 1253 2321 1325 dea
2368 1254 2567 1346 Alea,

334 1354 680 1449 Boarmia,
728 1353 989 1445 Budea,
1039 1351 1331 1447 Sitonia,
1381 1353 1715 1427 Tithrone
1738 1354 1804 1451 ⁵)
1843 1353 1916 1425 in
1948 1361 2372 1452 conspectum
2405 1378 2569 1452 pro-

339 1457 695 1530 ducuntur.
794 1453 1132 1528 Videntur
1192 1457 1359 1528 haee
1425 1456 1657 1554 paneis
1723 1455 2026 1552 expediri
2088 1480 2313 1553 posse.
2429 1454 2669 1547 Quilo
2805 1489 2812 1498 ·

338 1558 642 1631 homines
693 1580 956 1654 semper
1003 1556 1299 1630 eumdem
1356 1557 1576 1629 locum
1622 1557 2038 1649 incolebant,
2110 1564 2387 1654 propter
2434 1556 2568 1630 soli

341 1661 768 1758 asperitatem
817 1682 947 1730 non
1011 1658 1190 1754 pulsi
1241 1659 1322 1729 ab
1374 1658 1564 1751 aliis,
1638 1658 1794 1755 quid
1857 1658 2037 1729 aliud
2110 1682 2303 1754 quam
2367 1680 2568 1756 agros

341 1785 504 1835 suos
555 1762 875 1851 colerent,
925 1760 1254 1856 bovesque
1306 1760 1560 1832 alerent
1610 1759 1838 1831 arandi
1883 1755 2210 1833 caussa-3³:
2269 1759 2569 1852 Quorum

344 1862 460 1960 qui
514 1859 995 1959 opulentissimi
1043 1867 1268 1933 essent
1315 1884 1752 1959 magnumque
1799 1883 2070 1958 gregem
2120 1862 2314 1934 boum
2363 1861 2571 1933 habe-

341 1964 519 2056 rent,
571 1988 703 2037 non
753 1963 984 2035 mirum
1038 1963 1097 2033 si
1146 1964 1641 2059 praecaeteris
1695 1963 1878 2059 digni
1928 1962 2202 2035 iudicati
2253 1971 2407 2035 sunt
2457 1984 2572 2035 sa·-

342 2066 641 2139 eerdotio
694 2064 881 2156 deae,
934 2086 1127 2159 quam
1180 2064 1285 2136 vel
1335 2064 1545 2135 solam
1599 2061 1704 2136 vel
1739 2079 2108 2161 'supremam
2141 2065 2427 2161 populus
2452 2078 2573 2136 eo·-

338 2168 541 2260 leret,
593 2167 790 2239 etiam
840 2165 902 2238 si
952 2188 1031 2237 ea
1063 2189 1196 2237 non
1227 2163 1408 2237 esset
1433 2166 1610 2237 ruris
1646 2165 1955 2262 operibus
1990 2165 2352 2262 praefecta.
2403 2163 2575 2237 Vir·
2662 2187 2680 2204 ·

341 2270 537 2367 gines
586 2276 805 2340 autem
851 2266 1012 2337 illae
1060 2265 1460 2361 Agraulides
1475 2317 1499 2358 ,
1553 2267 1616 2338 si
1663 2267 2095 2338 ministerium
2147 2266 2308 2338 deae
2356 2265 2576 2363 respi-

342 2371 555 2444 cimus
573 2421 598 2462 ,
657 2368 884 2441 eadem
937 2390 1065 2461 qua
1113 2366 1414 2438 Butadae
1467 2390 1704 2439 eaussa
1755 2390 1902 2438 eum
1954 2367 2079 2437 dea
2125 2374 2283 2438 suut
2332 2390 2577 2438 conso·-

344 2472 602 2560 eiatae3
670 2470 776 2542 sin
825 2467 1110 2540 divinam
1160 2489 1326 2564 quae
1377 2467 1462 2539 iis
1510 2468 1756 2540 tributa
1789 2475 1893 2539 est
1934 2474 2257 2559 naturam,
2309 2468 2577 2539 numina

344 2580 506 2646 sunt
557 2569 806 2644 ordinis
854 2568 1215 2666 inferioris,
1266 2569 1558 2666 propitia
1608 2569 1949 2664 agricolis.
2049 2566 2113 2640 F
2115 2569 2408 2641 alluntur
2455 2592 2579 2640 au-

341 2681 524 2765 tem,
597 2671 708 2770 qui
758 2671 950 2746 unius
1004 2693 1091 2741 ex
1138 2670 1225 2741 iis
1274 2694 1408 2741 non
1455 2669 1779 2766 Aglauri,
1840 2669 1958 2741 sed
2007 2670 2289 2766 Agrauli
2339 2681 2579 2743 nomen

342 2776 558 2848 fuisse
608 2780 878 2872 putant,
951 2795 1115 2867 quos
1166 2795 1299 2843 non
1350 2771 1564 2843 solum
1616 2771 2027 2844 constantior
2075 2779 2145 2843 et
2191 2771 2575 2844 melioribus

344 2878 542 2950 libris
589 2875 849 2947 firmata
896 2873 1248 2970 scriptura,
1298 2871 1419 2943 sed
1471 2872 1670 2944 etiam
1719 2896 1830 2944 res
1867 2872 2018 2969 ipsa
2044 2871 2316 2945 refutat.
2415 2872 2579 2945 Ma·-
2645 2865 2660 2890 ¹

345 2988 456 3052 ter
509 2977 683 3050 enim
731 2982 912 3047 reete
964 2974 1141 3056 dieta
1184 2981 1288 3047 est
1317 2972 1748 3074 Ἄγραυλος,
1800 2973 1973 3069 quod
2013 2971 2192 3045 filiae
2239 2995 2462 3047 omnes
2493 2973 2578 3046 ad

346 3103 491 3154 rem
542 3077 857 3150 rusticam
906 3075 1280 3172 pertinentz
1353 3098 1441 3146 ex
1486 3074 1754 3146 filiabus
1803 3098 1963 3148 vero
2029 3075 2087 3145 si
2135 3097 2266 3146 una
2315 3075 2418 3148 sie
2467 3099 2580 3147 es·-
2637 3083 2646 3088 “

348 3189 460 3255 set
509 3186 769 3266 vocata,
822 3177 993 3252 falsa
1040 3185 1111 3249 et
1157 3198 1471 3273 perversa
1518 3175 1697 3257 faeta
1746 3183 1926 3247 esset
1975 3175 2212 3247 divisio
2229 3225 2253 3266 ,
2321 3171 2403 3247 de
2452 3176 2582 3248 tri·-

346 3284 478 3355 bus
529 3280 898 3353 nominibus
948 3302 1079 3350 uno
1131 3301 1339 3374 genus
1368 3277 1768 3369 universum,
1819 3275 2094 3374 reliquis
2128 3273 2384 3349 duobus
2420 3298 2583 3374 par-

347 3392 462 3458 tes
493 3382 758 3482 generis
788 3379 1336 3477 significantibus.
1400 3377 1614 3450 Recte
1636 3378 1918 3451 divisere
1943 3386 2228 3468 veteres,
2263 3377 2583 3479 ’Ἀγλαυ-

355 3510 526 3583 pov,
553 3482 851 3579 Ἕρσην,
904 3477 1366 3577 Πάνδροσον
1415 3480 1852 3577 appellantes,
1905 3487 1980 3552 ut
2029 3503 2227 3577 agros
2277 3487 2347 3551 et
2394 3480 2580 3576 puris

238 3631 252 3647 ·
358 3585 483 3661 sub
536 3585 715 3657 auris
766 3584 981 3658 siccos
1032 3591 1102 3656 et
1147 3582 1405 3655 modico
1454 3605 1610 3653 rore
1657 3582 1912 3679 rigatos
1964 3589 2033 3655 et
2071 3582 2277 3682 multo
2307 3580 2580 3696 humore

536 3874 597 3957 ⁴)
653 3875 863 3953 Repetit
903 3872 1161 3933 Miillerus
1217 3892 1364 3932 suam
1420 3870 1485 3929 de
1531 3871 1809 3942 Praxidica
1847 3871 1991 3934 Iovis
2031 3871 2322 3930 Servatoris
2364 3874 2584 3953 coniuge

366 3967 679 4023 seutentiam
721 3965 778 4020 in
816 3958 1029 4032 Encyel.
1067 3979 1120 4037 p.
1150 3957 1253 4018 97.
1297 3958 1616 4033 affirmatque
1659 3960 1929 4018 eonvenite
1971 3959 2020 4014 ei
2060 3961 2321 4016 notionem
2361 3957 2585 4036 ultricis.

366 4047 570 4109 Vellem
613 4046 1035 4105 demonstrasset.
1118 4043 1383 4114 Similiter,
1425 4050 1484 4100 ut
1514 4061 1547 4099 a
1569 4061 1652 4100 me
1677 4043 1892 4112 factum,
1937 4041 2218 4118 explicatur
2249 4059 2340 4118 per
2378 4044 2584 4102 recim-

370 4136 640 4192 ordnerin
693 4132 756 4189 ab
800 4131 925 4189 alio.
1023 4127 1094 4188 V.
1152 4130 1287 4187 Text
1337 4146 1408 4188 zu
1455 4126 1743 4188 Gerhards
1788 4135 1903 4187 am.
1945 4119 2300 4186 Bildwerkem
2354 4125 2401 4185 1.
2441 4124 2585 4186 Liet.

369 4237 427 4296 p.
466 4212 570 4275 98.
609 4227 719 4276 not.
764 4214 906 4284 127.

545 4309 605 4396 ⁵)
658 4316 814 4374 Hane
853 4315 1113 4374 Milllerus
1152 4316 1210 4370 in
1249 4311 1462 4384 Eneycl.
1502 4331 1556 4388 p.
1597 4308 1702 4373 88.
1744 4329 1799 4372 n.
1841 4308 1945 4372 93.
1984 4313 2312 4390 probabiliter
2349 4327 2442 4388 per
2481 4327 2586 4388 nie?

373 4401 597 4462 tathesin
634 4420 728 4480 pro
771 4391 1054 4482 Τριτῶνη
1095 4397 1285 4458 dietam
1324 4400 1559 4457 coniecit.
2568 4434 2578 4450 .
