3192 4992
626 286 776 393 ω
1114 320 1397 387 omno
1435 322 1522 386 m
1558 321 1817 385 sacam
1853 320 2400 385 sucnmnmm

622 480 788 566 rot?
884 486 1099 563 Immo
1159 486 1517 587 opta-du
1579 494 1730 608 eut,
1790 494 1893 582 nt,
1964 470 2510 586 quemadmodum
2568 487 2816 565 ‘olim‘
2787 515 2878 573 ιι·

628 589 948 683 Graecia,
999 615 1227 675 omnes
1275 590 1449 681 viae,
1502 590 1722 663 onnia
1763 590 2082 709 eompim,
2128 589 2304 682 fora,
2353 590 2611 682 euriae,
2663 591 2860 665 aedes

624 715 858 767 saetae
919 692 1156 790 plenae
1206 700 1431 765 essent
1478 691 1957 781 monumentis,
2037 716 2167 788 quo
2231 691 2474 788 ubique
2538 692 2859 789 imagines

616 794 951 867 elatorum
1015 793 1303 867 virorum
1358 802 1784 867 occurrerent
1843 792 2097 884 oeulis,
2169 791 2722 890 admonerentque
2770 819 2858 873 ne

619 919 747 969 nos
797 895 1153 969 dissimiles
1201 895 1344 967 illis
1393 895 1883 992 praeberemus.
1981 893 2123 967 Hie
2168 894 2318 991 ipse
2369 919 2568 990 quem
2598 897 2852 992 agimus

619 995 834 1071 {estus
885 996 1028 1069 dies
1078 995 1664 1073 eum.invitatione
1715 996 2136 1070 consociatus
2200 1004 2306 1068 est
2353 996 2441 1069 ad
2489 997 2853 1071 decernen-

619 1096 773 1173 dum
822 1097 964 1170 illis
1013 1099 1177 1171 viris
1227 1107 1738 1189 monumentum,
1791 1098 1906 1194 qui
1953 1122 2102 1171 eum
2154 1097 2328 1171 diem
2363 1098 2847 1172 memorabilem

615 1199 1071 1273 reddiderunt.
1168 1198 1359 1273 Bene
1423 1222 1610 1272 sane.
1712 1199 1890 1292 Quid
1957 1224 2157 1290 vero,
2228 1197 2291 1273 si
2353 1207 2848 1296 praetereuntes

619 1300 735 1374 '³¹
616 1301 1295 1477 aa'fflbmrrii
1315 1300 2545 1499 Ἢῗωῗῗὶςῖἳῖῗῃέᾙΐῶωέ
2576 1301 2902 1522 ngmn‘

519 1492 778 1601 llquid
828 1505 1088 1602 egerint
1136 1505 1261 1577 illi
1294 1505 1456 1577 viri·
1524 1505 1776 1601 alioqui
1827 1513 2005 1577 muta
2053 1514 2246 1578 sunt·
2311 1528 2526 1601 neque
2557 1506 2731 1577 enim
2775 1505 2856 1581 iu

613 1606 837 1704 lapide
888 1615 1004 1679 aut
1051 1630 1247 1695 aere,
1310 1606 1500 1679 sed
1479 1632 1548 1678 ιιι
1601 1606 1796 1681 saetis
1844 1606 2161 1679 memoria
2210 1612 2340 1677 est.
2441 1605 2638 1679 Haeo
2684 1630 2852 1703 ergo

615 1707 899 1781 docendi
960 1716 1116 1781 sunt
1162 1708 1500 1799 homines,
1572 1708 1635 1781 si
1698 1733 1834 1781 non
1895 1707 2142 1780 frustra
2205 1707 2366 1804 poni
2431 1718 2853 1783 monumenta

618 1804 943 1882 volumus.
1045 1807 1187 1882 Sed
1238 1811 1445 1900 mira,
1497 1809 1787 1905 permira
1835 1816 1941 1883 est
1989 1809 2229 1881 aetatis
2279 1817 2550 1882 nostrae
2600 1811 2850 1905 pietas.

610 1909 750 1987 Hie
815 1910 1170 1984 eiiciantur
1229 1935 1323 1983 ex
1390 1911 1663 1985 aedibus
1726 1912 1936 1984 saeris
1994 1910 2277 1983 dedicati
2334 1935 2375 1982 a
2422 1911 2691 2009 proavis
2739 1911 2852 1982 la-

611 2010 843 2109 pideS,
907 2011 1337 2109 sculptaeqne
1401 2013 1470 2084 in
1519 2013 1608 2086 iis
1656 2011 1979 2107 imagines
2030 2035 2501 2109 generosorum
2552 2012 2850 2108 equitum

612 2123 1044 2189 conteruntur
1092 2114 1368 2210 pedibus
1418 2115 1691 2211 populi·
1763 2114 1922 2185 alibi
1972 2113 2262 2186 sollicite
2315 2115 2847 2210 quaeritur,ou1
2735 2114 2847 2187 oui

607 2216 985 2289 consecrari
1034 2216 1285 2312 aliquid
1334 2216 1738 2293 monumenti
1784 2216 2024 2313 possit.
2127 2213 2306 2306 Quid
2340 2208 2614 2288 dicam?
2697 2213 2849 2287 Im-

604 2318 894 2415 positum
946 2325 1051 2391 est
1098 2318 1327 2414 puteal
1375 2316 1527 2391 rudi
1572 2343 1787 2408 saxo,
1860 2317 2036 2414 quod
2098 2341 2223 2413 per
2271 2316 2402 2393 duo
2453 2317 2680 2390 seenla
2729 2317 2845 2414 pio

606 2428 677 2492 et
739 2420 1032 2516 graviter
1078 2420 1299 2492 locum
1349 2426 1833 2493 monstraverat
1882 2419 2287 2509 viatoribus,
2362 2443 2494 2516 quo
2545 2418 2846 2491 fortissi—

601 2545 748 2595 mus
809 2547 934 2594 rex
997 2521 1068 2593 in
1130 2522 1390 2618 proelio
1458 2522 1838 2594 cecidisset.
1956 2520 2114 2593 Hoe
2161 2544 2395 2618 parum
2446 2529 2576 2593 est.
2689 2518 2842 2616 Ipsi

601 2630 1089 2695 monumentum
1138 2624 1409 2719 ponitur
1445 2623 1794 2696 liberatori
1824 2620 2226 2696 Germaniae
2257 2622 2590 2695 Arminio.
2688 2619 2841 2695 Ee-

604 2723 840 2819 quid„
872 2723 1190 2814 obsecro,
1257 2725 1626 2819 excogitari
1681 2724 1899 2821 potnit
1948 2722 2442 2815 incredibilius,
2517 2748 2710 2821 quam
2760 2732 2837 2796 ut

599 2832 758 2921 post
805 2824 986 2896 mille
1039 2832 1107 2895 et
1154 2824 1574 2919 octingentos
1641 2848 1849 2899 annos
1914 2826 1979 2898 ei
2029 2836 2510 2899 monumentum
2563 2825 2842 2898 dedica-

440 2932 445 2937 ’
598 2936 823 3016 retur,
897 2924 1083 2998 onius
1147 2933 1263 2997 ant
1324 2949 1674 3022 numquam
1738 2925 2132 2999 debebamus
2190 2952 2338 3000 esse
2387 2928 2834 3019 immemores,

599 3036 713 3099 aut
761 3052 898 3100 non
943 3033 1178 3125 putare
1227 3037 1715 3100 monumentum
1765 3028 2035 3125 dignum
2083 3053 2236 3102 esse
2279 3029 2632 3102 oblivionis
2680 3028 2840 3126 pia-

598 3129 817 3201 enlum
839 3123 880 3201 Ρ
975 3127 1148 3205 Nam
1199 3128 1354 3226 qnid
1407 3138 1513 3203 est
1560 3139 2045 3204 monumentum
2064 3182 2090 3222 ,
2160 3130 2292 3203 nisi
2342 3131 2646 3227 signum,
2696 3155 2831 3227 quo

595 3237 1026 3304 eonservetur
1084 3231 1401 3303 memoria
1463 3232 1715 3328 alioqui
1778 3233 2074 3329 peritura
2093 3225 2131 3304 P
2231 3232 2419 3325 Quae
2484 3255 2641 3305 vero
2693 3241 2830 3307 tan

594 3331 797 3422 dara,
848 3340 1145 3429 tamque
1157 3333 1695 3429 inexpugnabilis
1746 3342 2073 3407 vetustate
2125 3334 2401 3407 materia
2449 3342 2591 3425 est,
2659 3358 2828 3431 quae

590 3456 729 3506 non
778 3435 984 3506 multo
1034 3435 1231 3507 eitius
1282 3435 1585 3531 robigine
1635 3460 1910 3508 corrosa
1958 3442 2073 3507 aut
2135 3436 2206 3507 in
2257 3437 2599 3533 pulverem
2648 3436 2829 3509 dila-

588 3557 719 3631 psa
764 3547 939 3628 ruat,
991 3560 1184 3632 quam
1232 3559 1471 3609 nomen
1521 3544 1593 3609 et
1641 3538 1859 3634 gloria
1907 3544 2140 3634 pereat
2188 3538 2362 3629 eins,
2411 3538 2599 3610 cuins
2649 3536 2827 3609 fama

492 3700 506 3709 ,
589 3645 931 3755 superstes
981 3638 1151 3730 erit,
1221 3637 1528 3734 quamdiu
1592 3661 1724 3712 non
1789 3639 2124 3710 barbaries
2196 3663 2454 3713 omnem
2498 3639 2828 3711 deleven’t

587 3737 834 3834 prioris
884 3740 1033 3811 aevi
1081 3730 1515 3812 memoriam?
1617 3740 1768 3833 Quo
1829 3741 2041 3835 igitur
2102 3742 2382 3813 consilio
2436 3741 2503 3811 ei
2550 3741 2822 3837 ponitur

587 3834 1127 3913 monumentum?
1224 3840 1401 3913 Num
1463 3849 1542 3913 ut
1591 3866 1669 3914 os
1723 3842 2097 3938 vultumque
2152 3843 2275 3914 viri
2325 3850 2605 3915 noseant
2653 3867 2831 3917 eon-

586 3941 1015 4038 templantes
995 3993 1021 4033 ,
1074 3943 1609 4039 quemadmodum
1627 3995 1652 4035 ‚
1721 3968 1996 4040 quornm
2045 3968 2208 4040 prae
2256 3944 2409 4016 aliis
2457 3943 2820 4016 hodiernus

589 4041 733 4115 dies
764 4066 907 4137 ⁴nos
958 4043 1289 4137 admonet,
1339 4044 1623 4118 Martini
1653 4043 1967 4136 Laberi,
2020 4045 2322 4142 Philippi
2340 4045 2822 4119 Melanebtbo-

587 4144 736 4237 nis,
812 4142 1033 4218 Ulriei
1095 4145 1457 4243 Zwinglii,
1525 4145 1801 4220 Ioannis
1869 4145 2181 4240 calvini,
2253 4148 2660 4243 aliorumque
2724 4172 2816 4223 ex
2913 4218 2926 4233 ,

584 4246 707 4319 illo
756 4270 1029 4321 numero
1079 4247 1368 4320 virorum
1430 4249 1753 4345 imagines
1809 4258 2140 4345 tamquam
2188 4250 2548 4323 viventium
2591 4248 2818 4323 intue-

587 4372 757 4442 mur,
805 4348 1252 4448 adspectuque
1300 4373 1527 4425 earum
1575 4352 1814 4450 quales
1855 4351 2110 4427 fuerint
2149 4352 2259 4427 illi
2305 4351 2436 4425 riri
2471 4351 2820 4428 eonioeta-
