3192 4992
1128 374 1228 432 DE
1289 372 1417 433 ΥΠ
1417 371 1535 434 ΟΒ
1543 372 1793 436 ΟΛΗῙ.
2496 379 2582 446 ffi

351 533 655 610 videtur
666 588 691 627 ‚
746 539 937 638 quin
987 534 1485 621 ἅνταπόὸοσις
1530 538 1855 614 (beatur
1902 550 2059 617 τῶν
2107 541 2580 641 ὑποβληθέν-

335 663 544 725 *ch,
626 661 875 739 eaque
914 637 1185 735 suerit
1242 639 1805 741 discipulorum
1817 697 1843 733 ,
1934 649 2383 744 suggestori
2438 672 2585 721 suo

349 734 1065 840 obtemperantium.
1167 739 1420 813 Fateor
1470 767 1597 837 ego
1648 768 1752 815 me
1804 745 1936 816 non
1985 741 2388 843 intelligere,
2442 774 2570 844 quo

346 839 541 912 modo
594 842 715 912 tali
764 842 1212 940 explicatione
1265 843 1570 915 effectum
1621 844 1750 936 sit,
1822 854 1896 917 nt
1945 847 2075 918 iam
2125 872 2259 919 non
2308 847 2573 924 dubium

347 940 648 1013 videatur
697 944 849 1040 quin
889 939 1386 1026 ἀνταπόδοσις
1424 945 1513 1016 sit
1542 952 1701 1018 τῶν
1727 943 2339 1042 ὑποβληθέντων.
2402 948 2573 1024 Nam

344 1048 558 1138 n‘eqne
610 1053 940 1116 ostensum
994 1054 1123 1135 est,
1178 1041 1683 1120 ἀνταπόδοσιν
1698 1045 2086 1145 ’ὑποβολῆς
2116 1059 2186 1122 et
2220 1075 2352 1122 non
2385 1048 2572 1124 ὑπο-

343 1141 581 1239 βολὴν
645 1141 1211 1229 ἄνταποὸόσεως
1275 1146 1517 1219 «lictum
1587 1172 1745 1220 esse
1760 1200 1785 1239 ‚
1866 1167 1997 1223 nec
2058 1150 2569 1225 demonstratum

345 1246 502 1340 quid
555 1247 646 1318 sit
696 1243 1211 1331 ἇνταπόδοσις.
1331 1246 1418 1319 Id
1481 1259 1636 1346 post
1697 1250 1818 1321 illa
1868 1250 2123 1323 demum
2173 1251 2393 1325 facere
2445 1277 2571 1351 ag-

343 1347 669 1442 greditur,
717 1347 1065 1421 Plutarchi
1119 1349 1340 1421 verbis
1378 1357 1571 1422 utens
1612 1351 1682 1436 in
1718 1351 1806 1443 Q.
1843 1349 2151 1450 Sympos.
2182 1351 2326 1426 IX.
2371 1358 2447 1446 2,
2493 1359 2626 1429 1.“.

340 1471 413 1544 p.
445 1451 620 1540 737.
672 1450 769 1521 D.
799 1449 1229 1547 προςὲταξεν
1254 1450 1435 1525 ἄνευ
1461 1446 1737 1549 κλήρου
1764 1453 2186 1554 γεωμέτρην
2212 1481 2566 1556 γραμμαι-

338 1556 520 1645 τικῷ
570 1556 948 1645 προτεῖναι
995 1550 1121 1625 καὶ
1169 1556 1523 1648 ῥητορικῷ
1573 1551 1937 1648 μουσικόν
1952 1582 1968 1598 ·
2040 1554 2197 1629 εἶτα
2249 1557 2568 1652 ἔμπαλιν

340 1649 837 1749 ἀναστρέφειν
897 1649 1030 1735 τὰς
1092 1650 1655 1742 ἀνταποδόσεις,
1737 1675 1943 1754 e'aque
2009 1658 2109 1730 sic
2178 1659 2521 1755 explicans
2539 1686 2564 1731 ε

337 1750 620 1840 deinde
681 1756 766 1826 in
827 1756 1314 1827 eontrarium
1359 1758 1747 1830 invertere
1815 1756 2339 1857 respondendi
2383 1757 2564 1859 effi

337 1855 493 1943 eia,
544 1857 662 1927 ita
709 1866 800 1926 ut
840 1866 1242 1954 geometra
1284 1860 1833 1956 grammatice,
1870 1858 2183 1932 'rhetori
2219 1863 2565 1935 musicus.

237 2045 240 2046 7
333 1954 855 2055 responderet.
898 2041 908 2054 Ι
957 1955 1037 2028 Id
1096 1958 1393 2030 voluerat
1428 1958 1650 2031 dicere
1678 1972 2137 2060 geometrae
2151 1987 2568 2062 gramma—

262 2086 266 2089 >
331 2057 558 2147 tiene,
609 2055 869 2129 rhetor
915 2061 1229 2158 musice.
1330 2058 1723 2158 Explicavit
1770 2063 1986 2134 autent
2035 2071 2232 2135 recte*
2268 2063 2559 2160 quidem,

331 2157 452 2227 sed
501 2182 633 2229 non
698 2166 773 2231 nt
837 2161 1200 2232 ostenderit
1251 2156 1757 2236 ἀνταπόδοσιν
1805 2187 1952 2235 esse
2001 2164 2113 2256 id,
2181 2165 2356 2260 qnod
2407 2189 2556 2238 euin
2592 2223 2600 2236 .

304 2259 512 2330 ‘velle
576 2269 797 2355 patet,
882 2262 1382 2358 responsionem
1451 2264 1536 2333 ad
1604 2266 2012 2360 propositam
2077 2265 2552 2362 quaestionem.

180 2379 200 2388 ‘
328 2358 801 2433 Mousti-abunt
848 2363 919 2433 id
968 2386 1074 2453 ea,
1128 2386 1294 2458 quae
1347 2388 1420 2435 se
1465 2376 1708 2435 uuntnr
1734 2365 2080 2436 Plutarchi
2123 2367 2346 2437 verba.
2430 2364 2553 2460 Sic

329 2462 505 2532 enim
568 2464 828 2557 pergit:
900 2462 1330 2558 προῦτεινεν
1395 2491 1533 2537 ουν
1595 2462 1635 2537 ὅ
1695 2462 1996 2561 Ἑρμέας
2051 2464 2091 2538 ὃ
2140 2464 2564 2568 γεωμέτρης

325 2562 799 2663 Πρωτογένει
848 2570 957 2659 τῷ
999 2572 1491 2664 γραμματικῷ
1522 2571 1813 2663 πρῶτος
1852 2563 2101 2640 αἰτίαν
2133 2571 2386 2656 εἰπεῖν,
2439 2566 2556 2641 δι’*

324 2661 423 2757 ἣν
476 2662 564 2737 τὸ
615 2664 819 2761 ἄλφα
873 2660 1358 2760 προτάττεται
1419 2672 1576 2740 τῶν
1604 2662 2104 2767 ’γραμμάτων
2150 2664 2546 2744 ἁπάντων·

327 2762 369 2836 ὃ
417 2759 505 2837 δὲ
570 2763 710 2861 τὴν
744 2768 843 2840 ἐν
902 2771 1065 2849 ταῖς
1130 2771 1426 2860 σχολαῖς
1487 2768 1888 2867 λεγομένην
1936 2766 2286 2843 ἀπέδωκε.
2403 2770 2552 2843 Re-

326 2865 593 2961 spondit
623 2867 1078 2964 Protogenes,
1132 2868 1305 2964 quod
1335 2878 1439 2941 est
1466 2867 1835 2958 ἀπέδωκε,
1886 2887 2018 2942 non
2047 2868 2557 2961 ‹ic-vzam‘dwxe,
2636 2923 2647 2940 ι
2751 2889 2783 2908 “

328 2966 500 3063 qnod
555 2966 635 3040 de
667 2967 1047 3066 Protogene
1097 2972 1281 3042 nullo
1331 2970 1524 3042 modo
1579 2971 1713 3043 dici
1754 2972 2000 3069 potuit,
2051 2973 2169 3044 sed
2198 2972 2543 3048 dicendum

323 3068 450 3140 fuit
500 3068 581 3139 de
632 3068 946 3163 Hermea,
998 3071 1057 3142 si
1108 3071 1263 3143 huic
1313 3071 1548 3143 deinde
1601 3096 1642 3142 a
1673 3071 2065 3169 Protogene
2107 3082 2285 3146 esset
2337 3100 2542 3171 qnae-

324 3171 451 3242 stio
505 3172 872 3268 proposita.
992 3171 1183 3268 Ergo
1249 3172 1379 3243 isto
1429 3172 1777 3246 Plutarchi
1826 3175 2200 3246 testimonio
2253 3200 2382 3247 non
2436 3185 2543 3252 est

323 3272 664 3364 effectum,
732 3281 806 3345 nt
856 3269 1351 3355 ἆνταπόδοσις
1396 3271 1769 3370 ὑποβολῆς
1817 3275 1905 3346 sit
1955 3276 2035 3345 id·
2072 3276 2259 3371 quod·
2303 3278 2550 3368 voluit,

321 3373 704 3471 dicaturque
768 3372 1325 3449 ἀνταποδοῦναι
1376 3374 1777 3472 discipulus,
1859 3377 1970 3472 qni
2019 3376 2382 3450 reddiderit
2434 3381 2546 3452 vel

320 3475 693 3547 exhibuerit
742 3500 821 3548 ea
873 3500 1039 3572 qnae
1089 3476 1405 3572 magister
1454 3476 1821 3549 exhibenda
1870 3478 2350 3573 significasset,
2417 3481 2543 3553 sed

213 3643 226 3652 ,
318 3580 741 3674 consequitur
780 3579 1029 3676 potius,
1078 3587 1177 3667 ut,
1231 3577 1343 3672 qui
1380 3569 1750 3674 discipulus
1772 3579 1900 3651 hoc
1928 3578 2152 3671 faciat,
2205 3578 2535 3655 ἀποδοῦ-

315 3704 466 3766 ναι,
519 3689 973 3775 certamenque
1020 3675 1370 3761 ἀπόδοσις
1415 3676 1795 3776 ὑποβολῆς
1836 3681 2160 3776 appellari
2206 3681 2538 3755 debuerit.

315 3883 629 3954 scuritate
691 3881 1019 3955 Nitzschii
1086 3890 1354 3979 questus
1420 3907 1608 3975 esse,
1680 3883 2011 3979 simulque
2065 3883 2323 3982 fontem
2363 3909 2524 3982 ape-

312 3983 525 4056 ruisse
575 3985 761 4056 illins
812 3984 1273 4077 obscuritatis,
1323 3985 1435 4082 qui
1487 3993 1589 4056 est
1638 3985 1708 4055 in
1759 3986 2110 4070 sententiis
2152 4010 2276 4059 nec
2325 3987 2519 4082 plene

313 4086 747 4183 distincteque
800 4086 1188 4177 enunciatiS,
1240 4110 1451 4182 neque
1503 4110 1582 4158 eo
1622 4085 1882 4178 ordine,
1909 4111 2129 4182 ‚quem
2153 4088 2253 4159 rei
2284 4097 2520 4159 natura

311 4196 655 4278 monstrat,
707 4188 1070 4284 dispositis.
1172 4186 1366 4279 Quod
1416 4188 1477 4258 si
1523 4188 1592 4259 in
1635 4186 1816 4259 Teio
1859 4187 2054 4261 titulo
2093 4183 2519 4263 ἀνταπόδο-

310 4309 423 4369 σις
469 4286 842 4387 ὑποβολῆς
891 4290 1067 4362 dicta
1116 4296 1258 4381 est,
1309 4313 1438 4364 non
1510 4288 1770 4361 videtur
1833 4312 1913 4360 ea
1963 4290 2151 4392 alind!
2191 4313 2339 4361 esse
2385 4312 2515 4385 po»,

309 4389 540 4483 tuisse,
593 4414 783 4487 quam
832 4398 907 4463 ut
954 4390 1342 4487 discipulus,
1394 4390 1454 4464 si
1501 4386 1834 4486 ὑποβολὴ
1879 4392 1956 4464 in·
2001 4390 2305 4465 carminis
2334 4392 2515 4465 reei-
