3192 4992
757 379 856 439 DE
899 379 1269 438 AESCHYLI
1311 377 1691 439 TRILOGIIS
1731 378 2136 448 THEBANIS.
2214 439 2223 448 ,
2448 377 2577 446 199

344 567 504 619 vero
532 542 944 617 Welckerus
991 544 1064 616 in
1101 543 1384 616 Diurnis
1434 542 1855 617 scholasticis
1906 565 1972 616 a.
2015 547 2236 619 1832.
2285 569 2358 641 p.
2398 550 2569 622 124.

342 648 466 720 has
514 646 924 719 narrationes
976 654 1355 742 separatas,
1420 654 1496 718 ut
1543 669 1694 736 nos,
1748 646 2088 741 accepisse
2138 657 2389 737 censet,
2441 669 2569 743 pu-

320 758 647 844 ·tasseque
697 747 987 844 priorem
1037 756 1287 819 tantum
1337 747 1407 819 in
1459 747 1712 843 cyclica
1745 746 2093 819 Thebaide
2123 747 2367 819 fuisset
2438 771 2565 845 quo

343 873 568 924 errore
621 850 814 926 etiam
869 848 1300 922 casaubonus
1353 848 1434 919 ad
1461 849 1877 922 Athenaeum
1930 849 2189 941 (nescio
2242 873 2369 944 ego
2420 850 2565 946 ubi)

341 959 410 1022 et
440 949 932 1024 Valckenarius
985 951 1261 1022 alterum
1310 950 1588 1021 istorum
1629 949 2143 1044 fragmentorum
2168 949 2564 1023 Antimacho

338 1052 750 1124 tribuendum
802 1051 1198 1149 putaverint,
1253 1049 1445 1148 quam
1496 1051 1884 1135 sententiam
1935 1050 2066 1122 iam
2117 1075 2158 1122 a
2208 1049 2567 1130 Schellen-

337 1154 568 1250 bergio
621 1153 705 1224 ad
753 1153 1213 1225 Antimachum
1267 1179 1337 1250 p.
1390 1153 1515 1227 79.
1568 1175 1718 1225 esse
1767 1151 2250 1249 impugnatam3
2331 1145 2420 1224 F.
2470 1157 2563 1225 A.

334 1253 669 1327 Wolfium
739 1263 1097 1351 utrumque·
1145 1254 1581 1352 fragmentum
1652 1261 1726 1325 ut
1791 1277 1828 1324 e
1899 1253 2151 1348 cyclica
2214 1253 2563 1327 Thebaide

334 1355 651 1428 edidisse.
730 1354 1033 1429 Wolfius
1083 1356 1250 1427 nihil
1301 1356 1383 1427 ad
1434 1380 1599 1446 rem,
1655 1355 1767 1451 qui
1817 1354 1946 1426 hoc
1994 1363 2244 1428 tantum
2295 1355 2559 1450 agebat,

333 1467 410 1530 ut
458 1456 826 1554 fragmenta
873 1465 1193 1555 poneret,
1267 1481 1431 1554 quae
1497 1480 1584 1529 ex
1637 1455 1887 1551 cyclica
1938 1454 2285 1527 Thebaide
2336 1467 2562 1529 essent

332 1560 621 1656 prolata.
723 1557 1255 1655 Schellenbergii
1306 1566 1521 1630 antem
1567 1557 1933 1655 disputatio
1988 1558 2176 1629 valde
2219 1558 2387 1629 levis
2429 1569 2556 1648 est,

336 1683 503 1756 quae
551 1660 726 1732 redit
775 1685 882 1752 eo,
935 1668 1010 1731 ut
1057 1660 1208 1757 plus
1261 1661 1467 1733 semel
1518 1658 1841 1731 devovere
1880 1658 2057 1731 filios
2090 1659 2383 1755 potuer-it
2412 1657 2560 1731 Oe-

334 1762 570 1858 dipus:
654 1762 771 1833 sed
831 1771 1050 1834 tamen
1114 1761 1244 1834 hoc
1312 1761 1429 1832 ille
1493 1770 1677 1833 recte
1743 1760 1954 1851 dixit,
2026 1784 2159 1832 non
2209 1760 2435 1833 videre
2470 1783 2558 1834 sse

335 1885 504 1958 qnae
554 1886 787 1935 caussa
835 1863 1249 1959 potissimum
1298 1861 1466 1933 illud
1532 1862 1707 1959 quod
1773 1862 1945 1959 apud
1994 1861 2405 1934 Athenaeum
2454 1872 2575 1935 est·

330 1965 808 2060 fragmentum,
842 1989 973 2036 non
1026 1965 1303 2048 alterum
1356 1963 1530 2061 apud
1564 1964 1987 2037 scholiastam
2020 1961 2385 2059 Sophoclis
2410 1961 2560 2035 An-

329 2065 613 2137 timacho
663 2065 1055 2138 vindicaret.
1156 2061 1441 2139 Scilicet
1468 2063 1961 2138 Valckenarius
1998 2063 2094 2136 'ad
2122 2064 2387 2137 Phoen.
2423 2068 2554 2141 (Ε.

330 2190 560 2238 versus
609 2168 688 2238 ab
733 2167 1077 2239 Athenaeo
1145 2176 1443 2240 servatos
1505 2166 1757 2239 indicta
1823 2187 2056 2238 caussa
2121 2190 2208 2237 ex
2249 2167 2571 2237 Antima-‘

330 2268 437 2340 chi
466 2267 815 2340 Thebaide
867 2292 939 2340 se
992 2268 1152 2339 dare
1202 2268 1528 2365 scripsit.‘
1598 2269 1719 2358 At,
1776 2266 1906 2338 nisi
1956 2291 2082 2363 ego
2136 2266 2561 2339 vehementer

326 2369 566 2462 fallor,
629 2377 814 2440 recte
879 2370 1251 2466 suspicatus
1305 2377 1409 2440 est
1459 2366 2089 2462 Schellenbergins,
2161 2367 2324 2438 illud
2380 2369 2570 2464 quod

326 2470 500 2567 apud
550 2470 973 2543 scholiastam
1023 2467 1390 2566 Sophoclis
1450 2477 1555 2541 est
1618 2469 2053 2564 fragmentum
2117 2489 2248 2539 non
2299 2491 2383 2539 ex
2439 2494 2555 2563 cy·-

325 2572 538 2663 clica,
626 2570 745 2643 sed
827 2595 912 2643 ex
975 2570 1356 2643 Antimachi
1421 2593 1568 2642 esse
1651 2569 2007 2641 Thebaide
2068 2568 2648 2672 depromptnmJl

326 2672 656 2745 Testatur
703 2672 963 2767 quidem
1015 2672 1328 2767 cyclicam
1381 2671 1793 2743 Thebaidem
1845 2671 2275 2758 scholiastes3
2341 2679 2555 2743 testa-
2740 2659 2747 2680 '

323 2784 434 2846 tur
482 2774 680 2846 etiam
710 2773 1119 2846 Triclinias=
1189 2773 1304 2844 sed
1357 2773 1638 2870 primum
1688 2773 1813 2845 hos
1857 2795 1988 2867 ego
2027 2796 2157 2843 uon
2187 2769 2379 2861 duos,
2433 2773 2552 2844 sed

323 2899 521 2947 unum
587 2883 823 2948 testem
889 2899 1035 2947 esse
1102 2874 1327 2946 credo.
1428 2873 1599 2970 Nam
1666 2898 1863 2969 quum
1915 2874 2177 2944 omnino
2233 2872 2550 2946 Triclinii

324 2976 780 3049 adnotationes
831 2976 911 3046 ab
962 2976 1241 3048 scholiis
1300 2976 1450 3048 istis
1514 2976 1582 3046 in
1652 2975 1778 3047 hac
1827 2974 2047 3045 fabula
2112 2974 2209 3045 ita
2260 2971 2400 3047 non'
2442 2976 2559 3058 di·-v

324 3086 671 3175 screpant‚
748 3085 825 3148 ut
900 3086 1255 3174 propterea
1318 3077 1598 3150 omissae
1666 3076 1801 3147 sint
1870 3076 1939 3145 in
2007 3074 2441 3148 Triclinianis
2508 3102 2548 3148 a

215 3247 264 3268 .,
321 3178 707 3270 Brunckio,
791 3175 926 3250 tuin
997 3179 1101 3249 vel
1165 3177 1333 3249 illud
1400 3184 1623 3251 τοῦτο
1685 3172 2201 3259 ἁπαξάπαντες
2269 3174 2339 3249 οἱ
2403 3176 2554 3271 πρὸ

243 3371 248 3376 .
319 3279 538 3377 ἡμῶν
586 3276 1208 3378 παραλελοίπασιν
1255 3303 1386 3350 nou
1437 3279 1769 3373 antiquum
1824 3279 2353 3374 grammaticum,
2426 3278 2551 3348 sed
2630 3273 2641 3284 '

320 3384 516 3455 istum
571 3406 691 3454 sua
742 3382 1041 3454 doctrina
1090 3380 1483 3476 gloriantem
1534 3378 1933 3451 Triclinium
1985 3378 2231 3475 prodit.
2334 3376 2546 3450 Eius-

323 3485 597 3580 demque
648 3484 912 3581 generis
963 3482 1129 3553 illud
1182 3505 1438 3578 quoqne
1491 3488 1620 3572 est,
1676 3480 1849 3577 qnod
1901 3477 2234 3576 Oedipum
2281 3505 2546 3576 μικρο-

320 3582 586 3683 ψύχως
642 3582 770 3658 καὶ
823 3582 1079 3666 τελέως
1128 3581 1457 3684 ἀγεννῶς
1521 3582 1869 3655 devovisse
1917 3582 2093 3653 filios
2126 3606 2316 3664 ‚suos
2382 3607 2543 3679 pro-

319 3698 470 3785 pter
511 3711 744 3760 coxam
775 3711 896 3785 pro
940 3686 1209 3758 humero
1243 3679 1507 3757 missam
1553 3685 1881 3757 observat.
2001 3681 2133 3754 His
2162 3703 2316 3754 vero
2345 3682 2549 3755 etiam

319 3789 486 3863 fides
538 3788 829 3862 auctoris
881 3787 1296 3877 debilitatur,
1352 3785 1660 3882 credique
1710 3784 1907 3857 facile
1956 3791 2215 3883 potest,
2282 3780 2545 3856 Tricli-

318 3892 537 3983 ninm,
592 3915 787 3987 quum
837 3913 925 3961 ex
976 3887 1323 3960 Thebaide
1375 3911 1503 3959 non
1545 3885 1890 3959 ¹nominato
1942 3885 2264 3983 scriptore
2317 3886 2545 3957 afferri

319 4017 551 4066 versus
596 3993 765 4065 istos
816 3990 1127 4080 vidisset,
1195 4013 1336 4061 eam
1390 3989 1701 4082 cyclicam
1753 4011 1901 4059 esse
1953 3986 2361 4058 Thebaidem
2413 4012 2543 4085 pu-

317 4096 587 4186 tavisse,
639 4119 799 4184 non,
852 4115 1018 4190 quae
1059 4100 1238 4182 erat,
1287 4090 1690 4164 Antimachi.
1791 4087 1943 4161 Nisi
1991 4087 2158 4159 illud
2190 4086 2544 4182 κυκλικὴν

317 4221 401 4269 ne
451 4221 492 4268 a
522 4196 839 4268 Triclinii
891 4193 1177 4292 quidem,
1230 4192 1347 4264 sed
1400 4192 1481 4262 ab
1533 4190 1805 4264 lectoris
1858 4190 2135 4262 alicuius
2180 4211 2371 4261 manu
2405 4198 2538 4260 est.

316 4299 693 4371 Antimachi
758 4298 926 4369 enim
989 4296 1159 4368 istos
1226 4318 1455 4366 versus
1518 4317 1667 4365 esse
1733 4317 1813 4366 eo
1882 4302 1986 4363 est
2039 4291 2176 4363 veri
2226 4289 2535 4381 similius,

321 4400 494 4497 quod
545 4394 741 4473 etiam
790 4398 1097 4473 dictionis
1148 4419 1358 4493 genus
1408 4396 1541 4470 tale
1592 4403 1738 4487 est,
1816 4394 2007 4490 quale
2058 4393 2251 4465 huius
2290 4399 2540 4491 poetae
