3192 4992
945 392 1047 453 DE
1091 393 1383 455 OFFICIO
1429 394 1939 456 INTERPRETIS.
2122 417 2129 424 ·
2192 393 2229 425 ⁸
2431 395 2553 464 117

340 560 518 633 clare
566 558 900 632 intellexit
946 558 1358 651 Boeckbius,
1415 559 1616 657 quod,
1662 585 1864 657 quum
1915 560 2172 634 Thebis
2223 561 2392 635 mitti
2443 562 2549 634 di-

338 669 524 733 catur
570 684 854 752 carmen,
909 662 1207 734 ludorum
1246 669 1486 752 autem,
1540 662 1776 760 quibus
1814 662 2047 735 vicerit
2077 662 2314 755 Hiero,
2367 665 2547 736 nulla

332 761 505 834 facta
556 762 645 833 sit
696 764 978 854 mentio,
1032 762 1339 835 Thebani
1390 764 1495 835 illi
1547 764 1889 836 debuerint
1936 764 2077 837 ludi
2127 788 2314 855 esse,
2365 763 2546 837 Her-

331 863 463 934 culi
514 870 710 958 atque
761 863 953 936 Iolao
1017 866 1211 938 sacri.
1326 863 1515 936 Idem
1568 865 1760 937 etiam
1826 874 2082 963 tempus
2133 867 2542 957 monstravit,

328 987 456 1059 quo
507 972 701 1060 parta
751 966 839 1037 sit
890 989 969 1037 ea
1022 967 1320 1039 victoria.
1420 967 1790 1039 Anaxilaus
1830 967 2028 1058 enim,
2082 966 2436 1040 Messanae
2475 977 2545 1040 et

322 1063 574 1161 Rhegii
625 1072 976 1160 tyrannus,
1044 1066 1292 1140 Locris
1345 1068 1703 1186 Zephyriis
1756 1069 1998 1140 bellum
2046 1068 2393 1159 illaturus,
2457 1069 2541 1139 ab

323 1190 404 1239 eo
473 1168 753 1240 consilio
820 1169 1175 1242 deterritus
1241 1177 1346 1241 est
1407 1170 1598 1240 minis
1660 1167 2003 1242 HieroniS.
2104 1168 2313 1265 Atqui
2378 1170 2540 1243 obiit

319 1267 691 1341 Anaxilaus
742 1268 1045 1343 Diodoro
1097 1279 1269 1343 teste
1318 1270 1459 1342 XI.
1509 1274 1637 1345 48.
1702 1271 1822 1342 sub
1884 1271 2141 1342 initium
2192 1269 2541 1369 Olympia-

319 1368 424 1441 dis
457 1367 822 1443 LXXVI.
874 1371 1236 1445 Hieronem
1284 1380 1500 1444 autem
1540 1396 1816 1468 reguum
1849 1369 2325 1491 Syracusarum
2375 1372 2540 1444 ade·-

315 1479 503 1566 ptum
554 1496 702 1544 esse
754 1481 1014 1547 constat
1064 1472 1331 1570 Olymp.
1382 1472 1706 1545 LXXV.
1759 1476 1833 1547 3.
1933 1471 2170 1571 Itaque
2218 1474 2290 1546 iu
2338 1473 2538 1556 breve

314 1571 447 1646 hoc
499 1575 785 1669 spatium
834 1598 1103 1648 necesse
1175 1584 1277 1646 est
1343 1575 1650 1647 inciderit
1713 1574 1880 1646 illud
1930 1574 2304 1668 Locrorum
2351 1574 2539 1673 peri·
2640 1618 2646 1625 ·

307 1674 564 1745 culum.
669 1673 812 1746 Iam
864 1700 1054 1771 quum
1090 1674 1440 1766 Pindarus,
1493 1678 1605 1747 ubi
1656 1684 1885 1773 gratos
1937 1701 2083 1749 essc
2112 1673 2380 1750 Locros
2430 1676 2537 1748 di-

311 1775 467 1865 xit,
520 1776 815 1848 facinora
865 1801 1236 1872 poenasque
1290 1778 1744 1875 copiosissime
1795 1777 2161 1869 describat,
2219 1777 2363 1850 iure
2413 1803 2538 1851 no-

311 1884 457 1948 stro
511 1878 843 1969 miramur,
897 1903 1015 1950 cur
1039 1878 1319 1950 bominis
1352 1880 1730 1975 turpissime
1758 1879 2004 1976 ingrati
2039 1880 2287 1976 potius,
2343 1902 2534 1975 quam

307 1977 493 2074 grati
558 1979 917 2075 cuiuspiam
984 1980 1355 2076 exemplum
1425 1981 1746 2053 attulerit.
1890 1980 1996 2053 Ac
2058 1981 2270 2077 magis
2334 1980 2534 2052 etiam

303 2078 646 2171 miramur,
701 2104 820 2152 cur
869 2080 1090 2172 addat,
1142 2083 1324 2154 nolle
1375 2106 1448 2154 se
1499 2091 1714 2154 tamen
1765 2081 2195 2173 maledicere,
2249 2083 2331 2153 ne
2380 2081 2535 2152 imi-

304 2182 437 2252 tari
496 2181 792 2254 videatur
854 2183 1338 2279 improbitatem
1387 2183 1799 2256 Archilochi.
1903 2182 2109 2256 Nullo
2160 2192 2357 2281 pacto
2409 2182 2532 2254 ad·-

301 2283 481 2354 mitti
531 2292 798 2380 potest,
873 2283 1046 2380 quod
1098 2283 1162 2355 I.
1216 2282 1312 2357 G‘.
1365 2283 1714 2357 Huschkio
1782 2285 2160 2375 videbatur,
2225 2282 2532 2356 Ixionem

302 2407 503 2475 esse,
569 2386 676 2457 cui
728 2386 1119 2457 maledicere
1187 2386 1473 2456 uoluerit
1521 2385 1875 2457 Pindarus.
1999 2383 2292 2456 Tantum
2343 2385 2532 2457 abest

297 2486 482 2557 ‘enim
548 2494 622 2557 ut
671 2486 827 2558 huic
876 2510 1148 2582 parcere
1216 2486 1501 2558 voluisse
1568 2486 1931 2584 potuerit,
1972 2493 2044 2557 ut
2095 2509 2241 2556 eum
2306 2485 2528 2582 potius

294 2593 637 2683 tamquam
708 2589 1075 2684 exemplum
1153 2588 1574 2684 proposuerit
1645 2588 1925 2658 maxime
2005 2586 2527 2683 vituperandum.

291 2688 528 2759 Aliam
585 2689 753 2760 viam
802 2690 1139 2785 ingressus
1193 2697 1294 2760 est
1342 2688 1765 2779 Boeckliius,
1839 2688 2031 2760 docte
2084 2711 2243 2760 sanc
2296 2698 2364 2760 et
2415 2711 2528 2759 sa-

237 2851 242 2860 .
294 2790 600 2884 gaciter,
674 2788 790 2860 sed
842 2798 1058 2861 tamen
1123 2799 1195 2862 ut
1247 2791 1553 2862 assentiri
1617 2815 1751 2862 non
1799 2791 2151 2886 possimuS.
2254 2789 2527 2861 Putavit

291 2891 414 2963 ille
468 2890 775 2963 Ixionem
826 2901 1177 2988 propterea
1229 2901 2007 2983 commemoratum-esse,
2063 2890 2239 2987 quod
2271 2899 2526 2962 utrum-

296 3017 424 3088 que
482 2993 627 3064 eius
680 2993 924 3065 crimen
975 2995 1168 3064 etiam
1219 2994 1287 3064 in
1337 2992 1699 3065 Hieronem
1751 2992 2039 3064 caderet.
2154 2990 2324 3063 Nam
2375 3017 2523 3064 eum

292 3093 693 3190 Polyzelum
755 3094 1024 3165 fratrem
1075 3091 1405 3189 Sybaritis
1471 3095 1786 3166 adversus
1840 3092 2261 3166 Crotoniatas
2325 3093 2523 3164 auxi-

290 3194 458 3269 lium
526 3195 701 3267 ferre
750 3195 1025 3267 iussisse
1077 3219 1157 3266 ea
1206 3220 1364 3292 spe,
1429 3205 1504 3268 ut
1564 3197 1684 3267 ille
1752 3220 1830 3267 eo
1882 3195 1951 3267 in
2006 3179 2178 3266 bello
2229 3195 2519 3291 periret·

292 3296 397 3395 (et
466 3299 600 3369 hoc
678 3298 934 3394 quidem
1000 3305 1325 3369 testantur
1394 3298 1786 3394 scriptores)
1857 3296 2015 3368 item
2082 3296 2292 3366 videri
2372 3319 2520 3368 eum

290 3399 498 3471 etiam
548 3398 943 3471 Damaretae
957 3451 982 3490 ,
1058 3422 1222 3495 quae
1272 3407 1476 3495 nupta
1524 3398 1716 3470 fratri
1779 3398 1920 3469 eius
1974 3396 2224 3471 Geloni
2272 3396 2514 3489 fuerat,

289 3499 370 3572 ab
426 3503 562 3573 hoc
612 3508 827 3572 autem
867 3525 1040 3572 uxor
1079 3501 1312 3573 relicta
1344 3506 1487 3571 erat
1516 3498 1864 3596 Polyzelo,
1917 3499 2315 3594 appetivisse
2353 3522 2517 3571 con-
2596 3505 2611 3516 ”

286 3602 603 3693 nubium,
678 3603 997 3699 simulque
1050 3602 1458 3699 speravisse,
1537 3602 1634 3673 ita
1698 3625 1769 3673 se
1834 3600 2041 3672 filium
2094 3599 2375 3674 Gelonis
2426 3625 2514 3673 ex

284 3701 680 3794 Damareta,
735 3705 842 3776 cui
891 3728 1160 3800 regnum
1214 3701 1690 3800 Syracusarum
1744 3701 1921 3776 Gelo
1973 3700 2390 3792 destinasset,
2441 3703 2514 3775 in

286 3813 624 3901 potestate
675 3829 795 3876 sua
843 3806 1238 3877 habiturum.
1337 3805 1492 3877 Hoc
1542 3803 1826 3901 quidem,
1881 3803 2053 3899 quod
2105 3802 2186 3874 de
2222 3800 2505 3877 Gelonis

286 3906 435 3980 filio
490 3907 863 4004 suspicatur
909 3907 1331 3997 Boeckbius,
1399 3907 1594 3978 etiam
1647 3906 1706 3977 si
1758 3907 1904 4001 quis
1956 3912 2219 3978 caetera
2266 3909 2608 3980 conce-20

288 4007 431 4100 dat,
483 4034 615 4081 non
666 4018 825 4106 puto
880 4009 1141 4080 defendi
1189 4032 1414 4105 posse.
1517 4006 1824 4079 Coniecit
1879 4006 1948 4077 id
1999 4030 2087 4077 ex
2135 4006 2504 4106 fragmento

286 4108 561 4182 Timaei
610 4111 782 4207 apud
834 4111 1252 4183 scholiastam
1280 4109 1554 4180 Pindari
1605 4109 1687 4180 ad
1736 4106 1929 4180 Nem.
1960 4107 2100 4179 IX.
2152 4066 2281 4182 95²3
2332 4107 2505 4203 quod

286 4236 379 4282 cx
430 4212 535 4285 bis
585 4214 799 4284 verbis
851 4221 1143 4285 constat.
1209 4205 1689 4305 ἐπιτρόπους
1705 4207 1786 4283 δὲ
1838 4217 1972 4283 τοῦ
2022 4200 2286 4301 πάιὸὸς
2333 4207 2492 4301 μετ’

284 4314 571 4388 §miror
617 4310 1054 4409 κατέστησεν
1069 4308 1604 4441 Ἀριστόνουν
1615 4309 1741 4385 καὶ
1780 4307 2124 4407 Χρόμιον
2160 4336 2333 4390 τους
2370 4335 2503 4405 κη-

285 4410 588 4498 δεστάς·
666 4412 954 4498 τούτοις
1000 4411 1147 4516 γὰρ
1213 4412 1253 4487 ὃ
1306 4412 1555 4488 Γέλων
1621 4410 1895 4488 ὃεδωκε
1956 4412 2090 4495 τὰς
2152 4406 2497 4507 ἀδελφάς.
