3192 4992
1113 314 1302 377 PARS
1342 313 1778 378 Pos'mmou.
2194 324 2203 330 “
2256 349 2265 366 ·
2431 317 2561 387 m
2581 255 2591 274 Ι

331 433 1088 614 ἄνταγωνιζομένους,
1138 476 1450 569 τούτοις,
1498 480 1669 578 ἔφη’,
1719 484 1876 565 τοῒς
1919 481 2087 581 περὶ
2117 482 2226 557 τὸ
2240 484 2559 587 χρηστή..

332 612 536 682 ριον,
600 581 711 664 οἷς
775 584 947 679 ἄρτι
1007 580 1182 665 τοὺς
1244 584 1383 667 εξω
1433 587 1725 658 Πυλῶν
1787 579 2074 668 πάντας
2113 584 2468 684 Έλληνας
2509 588 2558 687 ἦ

332 683 539 771 πόλις
597 681 1192 810 κατοργιάζουσα
1251 683 1507 780 μέχρι
1543 689 1860 780 Τεμπῶν
1918 684 2298 783 ἐλήλακεν·
2364 689 2415 787 ἥ
2476 717 2557 765 τε

331 788 476 914 γὰρ
527 785 882 882 ἱσταμένη
943 783 1203 869 καλιὰς
1251 787 1590 861 ἐνταῦθα
1652 783 1818 914 περὶ
1879 785 2018 884 τὴν
2065 787 2223 863 ἅλω
2272 788 2376 865 δι’
2435 786 2603 867 alr-7

332 890 463 966 νέα
514 892 706 963 ἐτῶν
755 887 846 961 οὗ
898 882 1297 985 φωλεώδης
1342 894 1480 962 τοῦ
1531 884 1941 984 δράκοντος
1959 886 2154 984 χειά,
2204 890 2391 965 ἀλλὰ
2433 891 2559 985 μί-

331 1017 545 1088 μημα
605 997 1052 1085 τυραννικῆς
1108 986 1158 1084 ἢ
1222 991 1609 1086 βασιλικῆς
1669 988 1874 1064 ἐστὶν
1936 987 2312 1087 οἰκήσεως·
2381 992 2431 1089 ἤ
2478 1019 2559 1068 τε

332 1091 518 1189 μετὰ
587 1098 794 1192 σιγῆς
860 1090 977 1219 ἐπὶ*Ρ
1034 1088 1270 1186 αὐτὴν
1330 1089 1461 1165 διὰ
1523 1097 1657 1186 τῆς
1722 1090 2272 1221 σνομαζομένης
2320 1093 2560 1168 δολω-4

332 1191 534 1275 νείας
584 1190 877 1289 εφοὸος,
927 1222 975 1288 ῃ
947 1185 1371 1266 Αἲολάὸαι
1418 1189 1554 1266 τὸν
1603 1192 2003 1319 ἀμφιθαλῆ
2050 1190 2279 1288 κόρον
2323 1194 2560 1291 ἦμμέό

332 1307 501 1377 ναις
549 1292 774 1389 ὃᾳσιν
818 1295 1133 1422 ἄγουσι,
1163 1292 1292 1367 καὶ
1338 1289 1918 1390 προςβάλλοντες
1964 1293 2052 1370 τὸ
2099 1301 2260 1393 πῦρ
2297 1304 2390 1393 τῇ
2428 1324 2559 1371 κα-

336 1392 510 1471 λιαὸ
512 1423 538 1467 ι
600 1393 728 1470 καὶ
775 1394 918 1489 τὴν
963 1392 1338 1490 τράπεζαν
1388 1394 1938 1492 ἀνατρέψαντες
2003 1396 2561 1495 ανεπίστρεπτοι

337 1493 699 1597 φεύγουσι
762 1493 892 1570 δια
940 1504 1098 1571 τῶν
1146 1499 1421 1592 θυρῶν
1465 1504 1604 1571 τοῦ
1653 1496 1897 1593 ἱεροῦ·
1968 1496 2095 1572 καὶ
2140 1504 2561 1629 τελευταῖον
2689 1564 2696 1576 .

339 1600 425 1672 αἵ
463 1626 542 1671 τε
590 1594 869 1672 πλάναι
914 1597 1042 1671 καὶ
1101 1596 1149 1693 ἡ
1199 1596 1497 1692 λατρεία
1545 1604 1685 1671 τοῦ
1732 1594 2037 1687 παιδός,
2108 1601 2188 1674 οἵ
2225 1630 2306 1675 τε
2346 1596 2563 1729 1,γινόω

337 1725 550 1826 μενοι
584 1697 764 1792 περὶ
809 1698 906 1773 τὰ
948 1698 1197 1795 Τέμπη
1242 1698 1655 1795 καθαρμοὶ,
1705 1696 2067 1820 μεγάλου
2080 1701 2283 1785 τινὸς
2314 1704 2524 1831 ἄγου
2526 1727 2563 1785 ς

340 1830 466 1875 και
512 1797 978 1897 τολμήματος
1023 1798 1362 1929 ὑποψίαν
1409 1802 1683 1895 ἔχουσι.
1784 1801 1997 1874 Posui
2045 1804 2116 1874 in
2159 1796 2349 1876 his
2298 1833 2346 1899 ῃ
2379 1808 2564 1878 Alo-

340 1899 563 1977 λάὸαι
625 1928 748 2000 pro
813 1903 1142 2000 corruptis
1206 1900 1311 1997 μὴ
1362 1899 1575 1975 αἰόλα
1629 1900 1737 1976 δέ.
1855 1903 2232 2000 Hesychius
2297 1912 2367 1977 et
2415 1907 2563 2024 ipse

339 2014 726 2101 corruptus·
789 2002 1077 2091 Δι’,οδα
1132 2001 1348 2131 ,παρὰ
1397 2009 1715 2101 Δελφοῖς
1760 2003 1972 2105 γένος
2015 2032 2112 2078 τι.
2228 2006 2398 2080 Nam
2450 2006 2563 2103 qui

339 2130 658 2203 praeceps
706 2094 940 2224 reponi
988 2106 1222 2178 iussit.
1293 2098 1344 2201 ᾖ
1395 2105 1473 2177 αἱ
1509 2106 1824 2193 Ὀλεῖαι,
1889 2115 2025 2178 tam
2072 2107 2326 2180 festino
2368 2109 2565 2179 oculo

338 2207 767 2280 Plutarchum
815 2208 1139 2304 inspexit,
1187 2215 1261 2278 ut
1309 2232 1439 2279 non
1493 2208 1732 2280 viderit
1781 2209 1889 2279 vel
1912 2208 2268 2305 participia
2304 2232 2567 2281 mascu-

338 2310 478 2380 lina
525 2308 902 2404 prohibere,
954 2332 1039 2380 ne
1089 2308 1399 2380 mulieres
1452 2305 1939 2381 Orchomeniae
1987 2307 2295 2407 Delphos
2345 2318 2570 2381 trans-

340 2410 662 2499 ferantur.
765 2408 943 2501 Quid
991 2408 1368 2504 significent
1416 2410 1827 2481 ceremoniae
1877 2409 2046 2482 istae
2106 2435 2240 2483 non
2289 2407 2396 2483 est
2446 2411 2570 2483 obs

343 2535 631 2586 scurum.
731 2509 916 2582 Puer
976 2510 1105 2582 iste
1169 2510 1490 2606 patrimus
1557 2518 1627 2582 et
1687 2510 2026 2582 matrimus
2079 2511 2221 2583 vice
2271 2511 2570 2609 fungitur

229 2644 234 2648 ·
343 2612 707 2709 Apollinis,
760 2612 1029 2707 eiusque
1078 2636 1213 2684 non
1262 2611 1494 2702 adulti,
1544 2610 1663 2683 sed
1713 2635 1948 2683 recens
1997 2612 2162 2704 nati,
2201 2613 2401 2685 cuius
2450 2636 2570 2686 ae-

248 2726 271 2780 i
345 2714 493 2786 dem
557 2737 767 2809 nuper
829 2714 1156 2786 conditam
1223 2712 1454 2785 dolose
1517 2713 1807 2831 ingressi
1855 2713 2109 2811 Delphi
2173 2713 2564 2788 incendunt.

345 2815 516 2887 unde
567 2815 888 2912 profugus
935 2838 1125 2912 puer,
1178 2825 1526 2912 postquam
1576 2815 1828 2886 servire
1881 2822 2148 2888 coactus
2200 2823 2330 2907 est,
2387 2816 2568 2888 circa

346 2916 747 2989 Thessalica
797 2915 1056 3012 Tempe
1118 2917 1478 3006 lustratur,
1560 2923 1888 3011 tamquam
1939 2939 1979 2986 a
2028 2916 2218 3012 gravi
2268 2916 2578 2992 crimine..

345 3017 709 3114 Euripides
759 3017 1078 3113 quidem
1056 3041 1126 3088 ιιι
1159 3016 1502 3088 Alcestide
1530 3017 1715 3087 illam
1746 3016 2084 3113 Apollinis
2115 3018 2289 3113 apud
2315 3018 2569 3104 Adme-

244 3197 257 3216 ρ
347 3129 486 3192 tum
551 3120 930 3191 servitutem
979 3119 1058 3189 ab
1109 3119 1349 3190 occisis
1392 3115 1795 3215 Cyclopibus
1846 3118 2131 3214 repetit:
2200 3118 2318 3189 sed
2366 3119 2569 3191 scho-

346 3222 577 3294 liastes
629 3222 771 3292 eius
821 3221 995 3292 inter
1045 3220 1211 3291 alias
1262 3220 1672 3302 narrationes
1722 3219 1893 3291 hanc
1943 3242 2202 3315 quoque
2236 3217 2570 3316 antiquio-

347 3347 487 3395 rem
539 3323 755 3413 afl'ert‚
809 3321 981 3417 quod
1032 3328 1307 3417 propter
1354 3319 1771 3392 interfectum
1822 3319 2164 3415 Pythicum
2221 3319 2569 3398 draconem

347 3446 598 3521 poenas
649 3424 919 3496 servitio
974 3421 1264 3494 dederit=
1320 3446 1525 3518 caque
1566 3447 1698 3494 non
1729 3421 2149 3493 dubitandum
2192 3421 2348 3518 quin
2380 3422 2571 3517 ipso-

348 3549 496 3597 rum
544 3525 744 3596 fuerit
774 3524 1182 3620 Delphorum
1236 3524 1459 3621 opinio
1511 3530 1578 3595 et
1627 3523 1824 3595 fama.
1924 3521 2040 3594 Ex
2091 3523 2195 3594 his
2243 3523 2570 3620 intelligi-

349 3651 522 3717 mus,
573 3625 876 3722 repulsos
924 3626 1007 3697 ab
1057 3625 1344 3721 Delphis
1394 3650 1554 3717 eos,
1628 3626 1742 3722 qui
1787 3625 1933 3697 illic
1982 3648 2172 3696 sacra
2219 3624 2413 3696 huius
2464 3625 2575 3698 dei

352 3728 855 3817 constituerant,
905 3726 974 3797 in
1012 3726 1273 3824 Tempe
1325 3752 1398 3799 se
1449 3727 1813 3823 recepisse,
1860 3734 2060 3822 atque
2105 3726 2201 3796 ibi
2251 3725 2575 3822 aliquam-

353 3830 467 3902 diu
531 3829 723 3901 deum
788 3853 975 3900 suum
1038 3830 1326 3901 coluisse
1375 3830 1700 3926 permissu
1753 3852 2019 3918 eorum,
2094 3828 2205 3922 qui
2252 3828 2404 3900 loca
2450 3828 2573 3900 illa

352 3931 776 4004 incolebant„
853 3928 937 4002 Id
980 3930 1212 4026 colligi
1247 3954 1328 4002 ex
1369 3955 1448 4003 eo
1487 3937 1735 4027 potest,
1779 3929 1964 4026 ‚quod
1993 3928 2341 4021 Admetus,
2386 3927 2571 4026 ‘apud

350 4057 546 4128 quem
597 4032 883 4106 servisse
930 4032 1179 4129 Apollo
1232 4032 1513 4123 dicitur,
1569 4031 1757 4104 valde
1808 4032 1959 4128 pius
2005 4029 2213 4102 fuisse
2260 4031 2572 4126 perhibe-

353 4142 493 4205 tur.
593 4135 803 4225 Quem
862 4158 992 4229 ego
1046 4157 1127 4205 ea
1177 4157 1409 4205 caussa
1459 4142 1761 4206 vocatum
1825 4156 1972 4205 esse
2022 4131 2371 4203 Admetum
2420 4132 2572 4203 exi·
2678 4177 2690 4209 t

282 4261 302 4299 t
352 4234 594 4326 stirne,
645 4236 859 4331 quod',
911 4233 1107 4331 quum
1155 4234 1361 4307 ferret
1409 4236 1607 4306 alium
1660 4234 1851 4306 deum
1900 4233 2233 4324 colentes,
2284 4256 2416 4303 non
2465 4240 2573 4304 ta-

352 4343 506 4410 'men
552 4349 791 4434 passus
840 4345 1019 4413 esset
1067 4360 1189 4409 sua
1238 4360 1429 4410 sacra
1463 4337 1545 4409 ab
1578 4336 1719 4410 iuis
1747 4335 2025 4433 expelli,
2073 4334 2144 4406 id
2185 4331 2362 4430 qued
2394 4331 2573 4426 Del-q
