3192 4992
713 373 815 435 ΠΕ.
855 370 1292 434 TRAGoEmA
1332 372 1870 440 contemnam
1911 374 2209 437 LYch.
2428 372 2565 440 m
2630 320 2651 333 ο

351 537 470 614 sed
528 549 761 611 recens
825 560 1035 634 genus
1084 536 1374 611 fabulae.
1471 536 1759 612 Accedit
1818 538 1902 610 ad
1953 538 2159 652 haec,
2228 545 2305 613 ιιι
2351 540 2567 614 inter-

349 640 750 739 pretationes
798 638 970 711 istae
1020 625 1363 712 verborum
1411 648 1786 737 repugnent
1824 640 1975 712 usui
2012 641 2305 735 linguae,
2355 635 2568 739 siqui-

352 743 494 814 dem
557 761 684 814 nec
733 737 1011 814 παλαιὰ
1064 749 1390 813 vetustum
1437 766 1687 837 genus,
1758 765 1883 814 nee
1929 739 2148 838 καινὴ
2196 767 2405 839 genus
2454 768 2569 815 re-

349 867 503 917 cens
555 841 931 938 significare
980 849 1230 937 potest.
1331 841 1634 915 Maxime
1683 867 1885 939 porro
1920 844 2086 915 mira
2124 849 2228 917 est
2258 846 2383 916 illa
2404 868 2571 917 con-

347 943 588 1034 clusio,
641 966 797 1040 qua,
847 942 1024 1039 quod
1070 967 1304 1018 recens
1351 944 1558 1017 illud
1570 968 1780 1040 genus
1828 944 2253 1018 dramaticum
2286 947 2400 1036 sit,
2451 970 2574 1017 ve-

346 1052 454 1116 tus
534 1043 745 1141 genus
824 1044 1100 1139 lyricum
1178 1068 1329 1118 esse
1392 1046 1769 1119 necessario
1833 1044 2249 1119 iudicandum
2315 1055 2569 1120 censet.

343 1144 505 1219 Hoc
552 1145 815 1242 quidem
861 1145 958 1217 ita
1004 1145 1261 1243 logices
1310 1147 1704 1266 praeceptis
1709 1155 2085 1319 drepngnat,
2136 1157 2372 1220 utnon
2406 1139 2668 1245 {ros-22

347 1247 442 1321 sit
488 1246 730 1344 magis.
828 1245 998 1319 Nam
1048 1271 1138 1320 ex
1187 1272 1297 1340 eo,
1350 1250 1554 1346 quale
1591 1247 1752 1345 quid
1800 1273 1933 1350 non
1984 1249 2113 1340 sit,
2165 1249 2269 1322 sic
2316 1248 2576 1322 demum

349 1349 548 1446 quale
598 1349 688 1422 sit
738 1347 1044 1422 concludi
1092 1357 1340 1447 potest,
1391 1351 1451 1422 si
1500 1350 1712 1422 altero
1764 1335 2025 1424 sublato
2074 1350 2242 1423 nihil
2289 1350 2421 1424 nisi
2470 1351 2578 1422 al·

348 1460 565 1526 terum
616 1450 1048 1546 relinquitur:
1119 1451 1324 1524 veluti
1384 1452 1536 1525 luce
1587 1452 1917 1525 exstincta
1964 1452 2273 1525 tenebrae
2287 1502 2313 1544 ,
2384 1461 2578 1528 teue-

349 1551 492 1623 bris
543 1551 862 1649 dispulsis
906 1551 1120 1625 lucem
1172 1577 1321 1626 esse
1370 1577 1645 1626 necesse
1693 1561 1823 1626 est.
1924 1552 2063 1626 Vbi
2114 1563 2330 1626 autem
2381 1552 2577 1651 plura

353 1653 606 1750 opponi
654 1661 956 1750 possunt,
1007 1653 1258 1727 nullum
1307 1679 1534 1728 eorum
1583 1655 1941 1752 opponitur
1988 1655 2405 1745 necessario,
2458 1651 2579 1727 sed
2704 1706 2725 1720 .

354 1754 605 1851 opponi
651 1763 877 1851 potest
928 1755 1245 1853 quodvis,
1313 1780 1507 1853 quum
1558 1756 1818 1853 quidem
1871 1757 1953 1830 de
2001 1757 2277 1854 reliquis
2325 1756 2580 1829 nullum

355 1855 752 1955 opponitur.
823 1856 1031 1929 veluti
1080 1857 1256 1955 quod
1304 1883 1438 1930 nou
1487 1867 1592 1931 est
1640 1858 1940 1955 nigrum,
2005 1882 2137 1931 non
2189 1865 2293 1932 est
2343 1881 2581 1930 neces-

353 1957 538 2030 sario
585 1957 830 2048 album,
877 1957 1000 2031 sed
1047 1958 1149 2032 sic
1197 1959 1454 2031 demum
1503 1960 1722 2032 album
1773 1968 1914 2053 est,
1964 1960 2025 2032 si
2077 1984 2201 2033 nec
2231 1960 2423 2056 nigro
2457 1982 2583 2030 ne·-

243 2061 252 2068 ’
356 2082 486 2154 que
535 2058 674 2131 ullo
725 2059 861 2132 alio
913 2060 1139 2133 colore
1190 2068 1319 2136 est.
1420 2061 1555 2153 Qui
1605 2086 1766 2158 ergo
1799 2060 2158 2136 dramatico
2194 2061 2426 2160 generi
2458 2083 2584 2132 ne-

355 2160 651 2233 cessario
702 2159 1077 2258 oppositum
1126 2162 1218 2235 sit
1258 2156 1591 2258 lyricum?
1689 2162 2141 2235 Dramaticum
2181 2170 2394 2252 vocat,
2450 2185 2580 2256 quo
2720 2207 2727 2218 ·

352 2260 621 2358 integra
682 2261 919 2334 fabula
968 2286 1012 2333 a
1073 2287 1280 2383 grege
1343 2264 1737 2337 histrionum
1801 2264 2047 2358 agitur.
2160 2262 2363 2336 Patet
2414 2284 2582 2358 quae

354 2361 465 2435 his
515 2363 825 2460 opposita
887 2371 1043 2435 sunt
1104 2365 1234 2436 tria
1296 2365 1707 2462 potissimum
1759 2387 1944 2436 esse·
2016 2371 2092 2436 ut
2140 2388 2273 2436 nou
2321 2363 2585 2458 integra

354 2463 624 2554 fabula,
695 2463 814 2536 sed
876 2487 1033 2562 pars
1082 2463 1342 2537 fabulae
1393 2466 1475 2537 ab
1527 2466 1781 2562 aliquot
1828 2464 2258 2538 histrionibus
2309 2471 2583 2560 agatur3

355 2572 462 2657 ιιι,
515 2564 830 2661 quidquid
879 2574 1435 2664 repraesentetur,
1487 2592 1616 2639 non
1669 2591 1710 2637 a
1759 2566 2097 2664 pluribus,
2148 2565 2268 2638 sed
2318 2565 2399 2636 ab
2450 2588 2583 2638 uno

237 2677 240 2686 '
354 2666 685 2739 histrione
719 2675 989 2762 agatur-3
1042 2675 1140 2759 ιιι,
1196 2668 1371 2764 quod
1402 2668 1813 2764 producitur,
1864 2692 1997 2740 non
2025 2675 2262 2763 agatur
2289 2666 2583 2758 omuino,

358 2767 483 2844 sed
529 2766 675 2840 sine
726 2768 986 2841 actione
1050 2777 1326 2841 canatur
1385 2770 1821 2842 reciteturve.
1889 2791 2056 2865 quae
2122 2767 2340 2841 omnia
2404 2766 2586 2839 varie
2706 2845 2711 2856 p

354 2869 539 2944 inter
586 2892 661 2941 se
711 2868 974 2943 misceri
1024 2869 1461 2968 coniungique
1511 2880 1816 2969 possunt.
1915 2868 2111 2942 Nunc
2161 2891 2289 2967 quo
2323 2868 2591 2944 tandem

353 2971 508 3044 iure
559 2971 805 3084 spretis
855 2971 1136 3044 caeteris
1185 2997 1274 3045 ex
1323 2973 1470 3046 solo
1520 2973 1784 3045 nomine
1817 2970 2126 3068 tragoedi
2157 2968 2584 3066 comoedique

355 3065 696 3156 efficiatur
745 3096 878 3144 nou
928 3072 1140 3145 solum
1192 3080 1266 3145 ιιι
1281 3074 1672 3158 necessario
1716 3081 1948 3145 cantor
1981 3095 2172 3162 uuus,
2226 3071 2397 3168 quod
2436 3071 2589 3166 qui-

356 3172 516 3246 dem
565 3182 749 3248 recte
799 3173 970 3246 sumi
1004 3174 1448 3267 concedimus,
1498 3174 1672 3247 sed
1650 3199 1712 3247 is
1751 3174 1948 3246 etiam
1982 3172 2366 3262 carminum,
2419 3195 2587 3267 quae

356 3297 581 3371 neque
631 3275 853 3372 qualia
900 3274 1146 3348 fuerint
1178 3299 1386 3372 neque
1434 3299 1518 3348 an
1554 3276 1695 3348 ulla
1724 3297 2027 3372 umquam
2058 3273 2302 3348 fuerint
2328 3271 2589 3346 ostendi

357 3376 612 3475 potuit,
661 3376 950 3473 intelligi
999 3370 1289 3450 debeat?

572 3475 760 3551 Satis
792 3477 1301 3552 demonstratum
1341 3501 1488 3551 esse
1515 3485 1704 3573 puto,
1755 3501 2029 3575 prorsus
2070 3473 2593 3552 commenticium

363 3602 523 3652 esse
570 3578 749 3651 istud
800 3603 1009 3675 genus
1058 3580 1305 3677 lyricae
1355 3580 1737 3675 tragoediae
1769 3587 1963 3675 atque
1994 3577 2398 3652 comoediae.
2446 3576 2594 3649 Re-

362 3680 623 3778 liquum
674 3686 778 3753 est
827 3689 901 3753 ut
953 3681 1324 3774 videamus,
1393 3681 1550 3777 quid
1615 3681 1782 3753 illud
1833 3699 1981 3754 esse
2034 3677 2422 3754 censendum
2475 3678 2593 3770 sit,
2660 3701 2663 3704 ¹

367 3782 549 3880 quod
602 3789 912 3855 testatum
976 3792 1079 3857 est
1140 3782 1707 3880 inscriptionibus.
1802 3781 2145 3853 Habemus
2194 3780 2265 3852 in
2314 3780 2400 3857 iis
2449 3788 2596 3853 tra·-

369 3884 649 3981 goedias
698 3891 770 3956 et
818 3885 1191 3958 comoedias
1244 3885 1634 3982 simpliciter
1686 3883 1896 3956 dictas
1947 3882 2296 3954 nominatis
2330 3889 2398 3953 ct
2425 3905 2595 3979 poe-

368 3990 463 4060 tis
515 3995 584 4059 et
632 3985 1096 4076 histrionibus3
1162 3987 1473 4059 habemus
1520 3983 1787 4080 καινὴν
1833 3979 2267 4101 τραγωδίαν
2315 3991 2384 4054 et
2432 4008 2598 4057 και-

369 4085 520 4185 νὴν
564 4085 998 4184 κωμῳδίαν,
1048 4089 1275 4161 itidem
1328 4097 1398 4161 et
1444 4096 1788 4205 poetarum
1838 4094 1907 4159 et
1955 4085 2348 4158 histrionum
2380 4082 2597 4156 nomi-

372 4189 568 4262 nibus
619 4191 934 4264 adiectis:
1009 4215 1096 4262 ex
1162 4214 1292 4286 quo
1343 4189 1769 4285 consequitur
1816 4188 1936 4259 has
1986 4186 2241 4259 fabulas
2292 4192 2476 4257 actas
2523 4184 2596 4255 iu

374 4290 555 4365 ludis
604 4292 743 4364 illis
795 4316 970 4368 esse.
1072 4291 1396 4364 Videmus
1447 4314 1563 4363 eas
1611 4286 1874 4371 καινὰς
1923 4289 2055 4362 dici
2104 4289 2174 4362 iu
2225 4310 2306 4360 ea
2344 4284 2599 4357 iuscri-

374 4393 647 4489 ptione,
698 4394 768 4465 iu
820 4419 948 4492 qua
988 4394 1196 4468 etiam
1243 4388 1525 4469 παλαιοὶ
1571 4388 1960 4493 τραγωδία
2007 4394 2440 4498 memoratur·
2510 4407 2635 4460 ex·
