3192 4992
608 363 745 433 iffi<
851 459 865 472 ἡ
962 368 1063 429 DE:
1102 365 1400 428 DUABUS
1439 363 2082 425 INSCRIPTIONIBUS
2126 363 2465 426 GRAECIS.

603 535 767 607 lisse
830 531 1029 605 verba
1090 529 1500 629 grammatici
1560 529 1634 602 in
1682 528 1975 604 Beckeri
2021 529 2279 604 Anecd.
2344 555 2419 627 p.
2469 530 2645 622 276,
2699 533 2826 605 27.

606 629 1240 731 λουτροφόρος
1288 632 1437 706 ἐπὶ
1483 638 1608 758 τῷ
1656 627 2073 727 μνήματι
2116 628 2594 706 ἐπίκειται·
2648 630 2830 714 ἴθός

603 732 701 834 ἦν
761 732 1122 831 Ἀθήνησι
1181 739 1335 816 τοῖς
1397 727 1717 860 ἀγάμοις
1778 732 2256 808 ἀποθανοῦσι
2318 728 2831 829 λουτροφόρον

604 837 723 913 ἐπὶ
770 834 857 911 τὸ
905 844 1169 932 μνῆμα
1215 830 1741 910 καθιστάνειν·
1805 841 2029 909 τοῦτο
2080 830 2163 908 δε
2212 828 2309 931 ἦν
2346 838 2519 916 παῖς
2548 831 2829 929 υδρίαν

604 939 821 1034 ἔχων,
874 940 954 1012 ἐκ
1002 936 1229 1011 λίθου
1278 934 1777 1033 πεποιημένος.
1876 934 2131 1010 Eadem
2174 944 2243 1009 et
2285 937 2481 1033 plura
2513 935 2824 1029 Photius,

602 1041 1004 1138 HesychiuS,
1056 1039 1542 1136 Harpocratio‚
1610 1036 1896 1129 Suidas,
1959 1037 2185 1134 Etym.
2234 1037 2343 1109 Μ.
2393 1064 2465 1136 Ρ.
2519 1038 2694 1128 569,

603 1151 673 1217 et
735 1142 1134 1217 scholiastae
1200 1140 1283 1211 ad
1331 1140 1535 1213 Hom.
1599 1138 1802 1212 mad.
1851 1138 2152 1212 XXIII.
2223 1143 2394 1214 142.
2512 1133 2822 1213 Eximius

603 1254 709 1317 est
773 1244 857 1316 ad
906 1243 1100 1315 huius
1150 1243 1353 1315 moris
1405 1241 1915 1314 declarationem
1981 1244 2171 1314 locus
2218 1240 2691 1313 Demosthenis
2738 1241 2824 1313 ad

601 1344 1015 1419 Leocharem
1069 1347 1153 1443 ξ.
1189 1346 1309 1419 18.
1358 1370 1431 1442 Ρ.
1469 1346 1690 1419 1086.
1742 1341 1834 1419 οὗ
1882 1348 2144 1470 πολλῷ
2178 1339 2260 1417 δε
2303 1337 2559 1438 χρόνῳ
2609 1339 2825 1417 ὕστε-

603 1473 741 1546 ρον
791 1442 1208 1542 ἀποδημίας
1256 1443 1457 1527 τινὸς
1503 1448 1606 1528 εἷς
1651 1441 1790 1540 τὴν
1837 1439 2240 1540 ὑπερορίαν
2290 1440 2685 1539 συμβάσης
2712 1449 2822 1540 τῷ

606 1544 1028 1643 Μειδυλίδῃ
1090 1554 1198 1643 τῷ
1263 1544 1540 1643 πάππῳ
1604 1554 1710 1642 τῷ
1760 1553 1897 1620 τοῦ
1946 1543 2223 1674 πατρὸς
2269 1541 2731 1641 ἠρρώστησεν
2781 1542 2822 1618 ὃ

586 1645 1000 1776 Ἀρχιάδης,
1051 1676 1179 1722 και
1226 1654 1524 1744 τελευτᾷ
1574 1647 1712 1722 τὸν
1758 1645 1936 1742 βίον
1985 1643 2327 1730 ἀπόντος
2346 1655 2484 1720 τοῦ
2528 1644 2825 1720 Μειδυ-

600 1750 814 1825 λίδου
879 1751 1169 1877 ἄγαμος
1217 1749 1365 1824 ὤν·
1404 1750 1510 1823 τί
1569 1744 1842 1824 τούτου
1906 1753 2248 1876 σημεῖον,·
2325 1744 2825 1847 λουτροφόρος

600 1852 993 1952 ἐφέστηκεν
1056 1849 1173 1925 ἐπι
1233 1857 1341 1947 τῷ
1406 1858 1543 1925 τοῦ
1577 1846 1978 1945 Αρχιάδου
2026 1846 2269 1947 τάφῳ.
2386 1849 2628 1922 Obiter
2678 1877 2825 1923 mo-

600 1979 755 2046 neo,
809 1978 891 2026 ne
944 1954 1090 2049 quis
1126 1953 1237 2024 hic
1270 1953 1493 2025 audiat
1525 1955 1984 2026 conficientem
2013 1951 2059 2048 ἡ
2095 1947 2615 2078 λουτροφόρος,
2668 1953 2824 2049 quia

601 2058 695 2182 ξ.
740 2058 863 2129 30.
913 2080 985 2153 Ρ.
1044 2056 1264 2129 1089.
1332 2056 1648 2183 scriptum
1702 2067 1845 2127 est:
1913 2061 2213 2151 πρῶτον
2275 2051 2415 2146 μὲν
2464 2047 2639 2140 οὖν,
2707 2080 2823 2126 οτι

598 2151 695 2231 τά
744 2185 823 2230 τε
871 2152 1037 2250 περὶ
1084 2154 1217 2239 τὰς
1263 2152 1583 2252 ποιήσεις
1629 2154 1756 2231 καὶ
1802 2154 1889 2229 τὸ
1938 2154 2147 2257 γένος
2195 2154 2281 2228 τὸ
2312 2150 2602 2229 τούτων
2644 2154 2822 2250 ἀλη-

600 2261 711 2354 θῆ
762 2253 1189 2386 εἰρήκαμεν,
1258 2255 1386 2331 καὶ
1446 2256 1492 2354 ἡ
1543 2252 2043 2384 λουτροφόρος
2092 2255 2482 2354 ἐφέστηκεν
2543 2254 2662 2329 ἐπι
2707 2262 2817 2353 τῷ

596 2367 735 2435 τοῦ
783 2355 1182 2457 Αρχιάδου
1231 2355 1603 2455 μνήματι,
1672 2356 1950 2443 ταύτας
1996 2358 2181 2453 ὑμῖν
2226 2355 2360 2440 τὰς
2406 2355 2821 2454 μαρτυρίας

456 2457 468 2470 ’
595 2458 1009 2559 βουλόμεθ’
1070 2462 1527 2562 ἀναγνῶναι.
1632 2460 1888 2535 Caussa
1939 2469 2169 2558 aperta
2219 2469 2346 2533 est.
2449 2458 2592 2533 Sed
2623 2459 2819 2532 femi-

597 2565 753 2635 nino
806 2587 1049 2660 genere
1104 2587 1298 2658 quum
1350 2589 1506 2635 usus
1559 2573 1664 2635 est
1711 2563 2197 2636 Demosthenes
2212 2614 2237 2654 ,
2310 2557 2820 2681 λουτροφόρον

594 2661 871 2759 ὑδρίαν
918 2664 1059 2735 sive
1108 2659 1401 2750 κάλπιν,
1452 2672 1528 2736 ιιι
1576 2665 1970 2737 scholiastes
1999 2663 2279 2736 Homeri
2319 2665 2637 2760 loquitur,
2688 2664 2821 2735 im·-

596 2765 881 2861 positam
932 2763 1180 2834 tumulo
1245 2762 1451 2836 fuisse
1509 2764 1866 2859 siguificat.
1966 2764 2103 2837 Hic
2153 2789 2312 2837 vero
2378 2766 2820 2862 epigramma·

598 2866 688 2939 tis
753 2865 1043 2960 scriptor
1103 2888 1297 2961 quum
1362 2866 1790 2938 masculinum
1847 2890 2063 2985 genus
2125 2891 2250 2964 pos
2217 2868 2461 2958 uerit,
2541 2890 2816 2962 puerum

596 2991 743 3040 cum
795 2989 994 3038 urceo
1045 2975 1360 3038 statutum
1408 2967 1613 3038 fuisse
1672 2968 1793 3038 illo
1843 2969 1914 3039 in
1965 2969 2271 3065 sepulcro
2323 2968 2569 3065 prodit.
2669 2967 2815 3041 Iam

596 3068 899 3166 quoniam
949 3067 1078 3140 hoc
1125 3068 1384 3165 insigne
1435 3077 1541 3140 est
1589 3070 1832 3141 mortui
1880 3070 2188 3167 coniugio
2240 3071 2575 3166 expertis,
2629 3070 2816 3166 quis-

594 3193 743 3242 nam
790 3170 852 3241 is
902 3162 1058 3244 est?
1157 3167 1372 3243 Virne
1424 3193 1508 3242 an
1558 3171 1748 3267 virgo
1767 3164 1805 3243 Ρ
1895 3171 2183 3268 Vtrique
2232 3174 2444 3269 primo
2495 3171 2816 3270 adspectu

593 3278 918 3369 repugnat
965 3270 1199 3343 viduae
1249 3272 1533 3344 mentio.
1601 3297 1748 3344 nam
1799 3299 1925 3347 nec
1975 3275 2159 3364 viro,
2220 3274 2332 3370 qui
2384 3298 2657 3345 uxorem
2709 3274 2815 3362 vi.-

365 3413 372 3420 ·
487 3378 580 3454 14
594 3373 784 3445 duam
825 3373 1130 3469 reliquit,
1181 3398 1306 3446 nec
1357 3397 1522 3470 quae
1574 3374 1751 3447 facta
1802 3384 1905 3447 est
1954 3375 2150 3446 vidua
2190 3375 2450 3447 mulieri
2480 3369 2816 3472 ὑδροφό-

466 3493 483 3514 ·
593 3501 719 3572 ρος
761 3499 924 3647 Ροιιι
973 3475 1215 3571 potuit.
1315 3475 1412 3546 Et
1463 3476 1610 3573 quis
1662 3487 1803 3567 est,
1858 3478 1969 3573 qui
2017 3470 2365 3596 loquitur?
2428 3502 2580 3549 num
2628 3502 2815 3549 mor-

592 3585 759 3750 5322
810 3599 948 3750 ..Ψ
961 3577 1534 3776 ιὲᾖέἒῇἓῗ
1583 3573 2269 3753 fiiiiiss'tss‘adqfflae?
2284 3580 2814 3799 οῗὲιῗῖξζρὲἓί

592 3778 735 3851 deri
785 3803 1011 3875 posse.
1111 3778 1280 3853 Nam
1331 3782 1592 3852 viduam
1641 3771 1803 3855 facit
1852 3782 2049 3853 etiam
2098 3782 2457 3878 virginem,
2524 3783 2638 3879 qui
2687 3781 2811 3854 de-

592 3904 793 3977 spons
762 3888 942 3952 satus
994 3882 1059 3953 ei
1107 3883 1409 3956 moritur.
1513 3882 1710 3975 Quod
1759 3885 1845 3974 si,
1899 3892 1972 3955 ut
2021 3906 2221 3979 supra
2264 3884 2532 3984 dictum,
2584 3880 2817 3979 ε’θηκὲ

591 4006 672 4060 σε
714 3976 967 4078 χήραν
1007 3985 1254 4080 potius,
1308 4008 1500 4081 quam
1548 3983 1777 4079 εθηκέ
1817 4011 1910 4080 με
1953 3980 2198 4082 χήραν
2245 3986 2317 4058 in
2363 3984 2584 4085 lapide
2634 3985 2810 4058 scri-

588 4096 769 4185 ptum
823 4093 965 4176 est,
1044 4087 1477 4183 relinquitur,
1558 4095 1633 4158 ut
1694 4111 1819 4159 nec
1868 4096 2162 4160 mortuus
2226 4112 2352 4160 nec
2413 4088 2673 4185 privata
2723 4110 2806 4158 eo
2926 4127 2931 4142 ·

590 4208 858 4286 sponsa,
911 4186 1050 4258 sed·
1080 4189 1191 4283 qui
1237 4190 1309 4260 in
1335 4188 1608 4261 tumulo
1659 4189 1917 4285 positus
1969 4196 2072 4261 est
2122 4213 2268 4261 cum
2306 4212 2473 4261 urna
2488 4209 2668 4286 puer
2696 4189 2808 4260 lo-

591 4296 852 4387 quatur·
952 4288 1142 4362 Haec
1190 4291 1251 4363 si
1301 4300 1594 4364 tenemus
1611 4341 1636 4382 ,
1703 4291 1811 4363 via
1859 4291 2125 4364 iuventa
2175 4298 2278 4363 est
2291 4341 2317 4382 ‚
2386 4315 2515 4387 qua
2563 4300 2631 4363 et
2680 4314 2810 4362 ex*-

590 4392 776 4528 plere
838 4390 1137 4466 lacunas
1173 4401 1244 4467 et
1306 4393 1644 4491 corrigere
1695 4400 2008 4490 corrupta
2030 4385 2457 4490 possimus.
2506 4385 2807 4514 Apparet
