3192 4992
649 351 781 422 m
1284 354 1385 413 DE
1419 352 1808 415 APOLLmE
1849 354 1952 414 ET
1992 352 2253 414 mANA.

648 522 741 598 F.
792 521 1060 595 scribit.
1126 520 1210 596 ἐν
1259 517 1343 594 δε
1397 517 1727 617 Πέρσαις
1771 524 1932 595 τῶν
1977 513 2492 622 ἱκετευμάτων
2529 517 2876 649 μέγιστον

645 619 747 721 ἦν
808 621 935 697 καὶ
1000 620 1543 717 ἀπαραίτητον,
1611 625 1676 694 εἰ
1723 628 1873 717 πῦρ
1938 618 2201 718 λαβὼν
2267 619 2307 693 ὃ
2355 619 2709 695 ἱκετεύων
2755 621 2879 696 καὶ

566 769 586 781 -
648 729 732 801 ἐν
781 731 1092 820 ποταμῷ
1142 720 1485 851 βεβηκώς
1531 720 1861 817 ἀπειλοίη
1909 719 2014 817 μὴ
2061 718 2316 815 τυχὼν
2362 719 2449 796 τὸ
2499 728 2651 819 πῦρ
2686 724 2761 805 ἐς
2794 721 2880 796 τὸ

646 826 859 923 ὕδωρ
911 823 1259 921 ἀφήσειν·
1326 819 1691 952 ἐτύγχανε
1740 819 1884 918 μὲν
1928 821 2110 948 γᾴρ
2129 816 2241 897 ὧν
2288 820 2562 910 ἐδεῖτο,
2626 822 2918 918 τυχών

648 927 733 1004 δὲ
784 924 1164 1017 ἐκολάζετο
1228 923 1358 1001 διὰ
1419 925 1557 1021 τὴν
1624 919 1966 1021 ἀπειλήν,
2051 921 2154 1006 ὥς
2213 921 2418 1023 παρὰ
2467 921 2704 1017 νόμον
2751 922 2883 998 καὶ

647 1029 839 1106 κατὰ
887 1036 1019 1125 τῆς
1066 1023 1359 1125 φύσεως
1404 1025 1833 1155 γενομένην.
1933 1024 2320 1098 Herodotus
2371 1024 2466 1097 I.-
2461 1029 2664 1100 131.
2728 1022 2883 1100 θύ-

652 1154 820 1207 ουσι
869 1128 954 1206 δὲ
1000 1128 1183 1226 ἡλίῳ
1232 1157 1339 1205 τε
1358 1127 1488 1202 καὶ
1536 1125 1800 1222 σελήνῃ
1848 1125 1976 1202 καὶ
2005 1134 2102 1228 γῇ
2135 1125 2262 1201 καὶ
2295 1123 2476 1221 πυρὶ
2503 1126 2633 1201 καὶ
2660 1125 2881 1202 ὕδατι

555 1232 779 1309 12καὶ
829 1231 1196 1324 ἀνέμοισι·
1263 1225 1592 1304 τούτοισι
1652 1228 1737 1303 δὲ
1786 1225 2132 1325 μούνοισι
2177 1224 2462 1303 θύουσι
2523 1229 2879 1325 ἀρχῆθεν.

650 1336 750 1409 Et
795 1332 1042 1407 Strabo
1092 1331 1269 1404 XV.
1320 1358 1391 1430 Ρ.
1443 1335 1620 1406 732.
1686 1337 1960 1425 τιμῶσι
2007 1327 2092 1405 δὲ
2141 1329 2268 1403 καὶ
2317 1328 2552 1424 ἥλιον,
2605 1329 2698 1404 ὃν
2747 1358 2882 1404 κα-

646 1443 867 1511 ·λοῦσι
886 1433 1260 1561 Μίθραν,
1311 1430 1439 1507 καὶ
1490 1427 1824 1528 σελήνην,
1874 1427 2002 1505 καὶ
2037 1429 2516 1528 Ἀφροδίτην,
2566 1429 2697 1506 καὶ
2735 1438 2883 1528 πῦρ

650 1566 804 1711 ἔοαὲι
827 1531 2029 1710 Ἢηῖἕὶιιῗοᾭῖἕυᾶίίἴζοῢδαίῗιῃο
2049 1533 2886 1708 {lggldxzigrgd‘fitimssng

653 1739 832 1839 apud
881 1738 1293 1812 Herodotum
1352 1735 1524 1809 VH.
1575 1738 1702 1812 54.
1753 1737 2063 1855 legimus,
2117 1745 2187 1809 et
2235 1735 2300 1807 Ι.
2357 1739 2530 1811 138.
2580 1737 2886 1833 leprosos

653 1841 903 1940 piaculi
952 1863 1115 1936 erga
1165 1838 1397 1913 Solem
1438 1863 1592 1911 reos
1645 1862 1792 1910 esse
1844 1839 2282 1911 existimatos.

860 1941 1172 2014 Diximus
1238 1963 1438 2036 supra
1505 1939 1586 2011 de
1659 1934 1766 2012 die
1830 1941 2038 2011 natali
2085 1940 2424 2036 Apollinis
2488 1962 2889 2035 numeroque

657 2045 1062 2140 septenario.
1181 2042 1374 2114 Haec
1439 2066 1699 2139 quoque
1762 2041 2041 2114 mirifice
2106 2048 2479 2138 congruunt
2527 2064 2678 2113 eum
2726 2042 2891 2113 reli-

656 2145 962 2242 gionibus
1011 2143 1408 2236 Persarum,
1474 2152 1551 2215 ut
1613 2167 1747 2216 nou
1812 2143 2202 2216 incredibile
2254 2142 2595 2234 videatur,
2663 2165 2892 2215 omues

655 2248 814 2318 illos
867 2246 1138 2319 deorum
1187 2246 1330 2317 dies
1380 2246 1639 2318 natales
1692 2244 1882 2341 quasi
1929 2245 2220 2317 radicem
2268 2245 2341 2317 in
2390 2246 2576 2317 cultu
2622 2242 2895 2341 Apolli-

655 2349 763 2422 nis
829 2347 1096 2422 habere.
1211 2346 1596 2452 Herodotus
1647 2345 1713 2418 I.
1772 2348 1942 2422 133.
2006 2342 2287 2441 ἡμέρην
2338 2342 2463 2433 δε,
2546 2343 2896 2420 ἁπασέων

658 2445 982 2546 μάλιστα
1033 2445 1318 2543 ἐκείνην
1366 2445 1598 2542 τιμᾶν
1647 2445 2062 2544 νομίζουσι,
2111 2453 2202 2542 τῇ
2255 2447 2556 2529 ἕκαστος
2587 2446 2892 2548 ἐγένετο.

661 2551 855 2643 Quod
910 2552 1130 2641 addit,
1198 2552 1281 2622 ἐν
1330 2547 1568 2644 ἐκείνῃ
1623 2547 1706 2623 δε
1756 2549 1948 2622 πλέω
1999 2545 2225 2622 δαῖτα
2273 2556 2431 2623 τῶν
2480 2549 2744 2624 ἄλλων
2781 2546 2896 2622 δι-

659 2657 946 2725 καιεῦσι
995 2647 1534 2745 προτίθεσθαι·
1589 2652 1674 2723 ἐν
1726 2656 1812 2743 τῇ
1850 2650 1920 2722 οἱ
1953 2647 2389 2744 εὐδαίμονες
2419 2650 2678 2725 αὐτῶν
2700 2650 2898 2745 βοῦν

660 2750 789 2826 καὶ
835 2753 1064 2824 ἵππον
1112 2748 1240 2822 καὶ
1287 2746 1623 2844 κάμηλον
1684 2750 1813 2822 καὶ
1865 2749 2047 2824 ὄνον
2093 2750 2616 2846 προτιθέαται,
2685 2750 2899 2834 ὅλους

658 2849 937 2933 ὀπτοὺς
984 2853 1069 2926 ἐν
1116 2847 1535 2943 καμίνοισι,
1602 2850 1671 2921 id
1724 2852 2047 2924 eiusmodi
2100 2862 2241 2943 est,
2294 2862 2369 2925 ut
2417 2854 2569 2925 inde
2620 2850 2898 2926 Pindari

662 2954 824 3025 illae
878 2954 1210 3024 asinorum
1260 2951 1710 3050 hecatombpe,
1766 2976 1929 3049 quas
1956 2954 2262 3051 Apollini
2309 2963 2599 3028 mactare
2629 2954 2899 3052 Hyper-

664 3054 854 3129 borei
914 3054 1101 3128 soliti
1150 3053 1397 3126 fuerint
1410 3106 1435 3146 ,
1518 3055 1768 3151 petitae
1831 3078 1981 3127 esse
2051 3054 2413 3128 videantur.
2513 3055 2900 3130 Plurimum

604 3243 613 3248 ,
664 3164 886 3229 antem
952 3154 1211 3229 confert
1276 3154 1360 3227 ad
1427 3155 1625 3228 fidem
1688 3152 2007 3229 Persicae
2075 3157 2183 3228 dei
2250 3157 2528 3253 originis
2590 3182 2900 3232 numerus

655 3258 1109 3355 septenarius,
1164 3256 1350 3329 cuius
1401 3258 1782 3330 memoriam
1826 3258 2048 3331 multis
2075 3257 2288 3329 modis
2320 3281 2510 3331 saera
2538 3257 2900 3334 Mithriaca

522 3387 526 3392 ·
571 3373 581 3382 '
666 3366 1168 3433 conservarunt.
1283 3357 1666 3430 Permultos
1731 3360 1842 3456 qui
1895 3359 1977 3431 de
2027 3359 2112 3430 iis
2164 3360 2553 3457 scripserint
2600 3362 2903 3435 nomim-

474 3465 488 3480 “
669 3461 767 3533 vit
814 3459 1191 3533 Greuzerus
1252 3460 1326 3532 in
1388 3460 1748 3533 novissima
1798 3461 2086 3534 editione
2136 3457 2554 3556 Symbolices
2606 3463 2747 3537 vol.
2798 3456 2902 3535 Π.

671 3587 763 3659 Ρ.·
810 3565 988 3636 238.
1089 3560 1207 3633 Ex
1271 3561 1356 3632 iis
1421 3562 1586 3633 satis
1657 3570 1762 3634 est
1824 3585 2368 3635 commemorasse
2429 3564 2713 3640 Antonii
2780 3588 2903 3637 van

672 3663 851 3735 Dale
904 3663 1402 3736 dissertationes
1453 3660 1618 3734 IX.-
1661 3663 2138 3736 Amstelodami
2190 3663 2402 3736 editas
2454 3687 2520 3736 a.
2560 3669 2782 3749 1792.
2835 3674 2904 3737 et

676 3788 845 3861 quae
871 3764 1112 3861 Zoega
1162 3763 1477 3836 disseruit
1520 3765 1596 3835 in
1647 3765 2323 3856 commentationibus,
2378 3789 2541 3868 quas
2573 3766 2905 3846 Welcke-

674 3889 827 3937 rus
860 3865 1260 3939 Germanica
1324 3866 1553 3962 lingua
1621 3866 1913 3963 vulgavit
1977 3864 2345 3964 Gottingae
2425 3890 2491 3938 a.
2562 3873 2787 3946 1817.
2827 3869 2904 3967 ¹¹¹²)

676 3964 764 4039 Ιιι
827 3967 967 4039 illis
1017 3967 1451 4040 monumentis
1515 3976 1783 4065 praeter
1844 3970 1979 4041 alia
2039 3968 2188 4040 aevi
2251 3978 2448 4066 atque
2513 3970 2906 4045 intereuntis

852 4215 914 4300 “)
968 4219 1107 4279 Nov·
1058 4240 1188 4279 viss!
1171 4226 1271 4280 ime
1323 4226 1413 4281 inv
1379 4230 1587 4281 ventum
1642 4228 1854 4302 insigne
1912 4245 2029 4285 mon
2032 4246 2151 4284 ume
2123 4234 2297 4285 entum
2351 4226 2689 4288 Mithriacum
2742 4249 2854 4307 copi
2857 4248 2908 4287 o·

687 4308 899 4365 §intime
952 4306 1187 4364 isrvnuta
1190 4310 1232 4365 it
1285 4308 1511 4366 Creuzer
1512 4327 1574 4366 us
1629 4312 1766 4366 ina
1738 4330 1837 4368 ann
1805 4311 1977 4368 niualb
1945 4331 2008 4368 us
2062 4314 2329 4371 liettrariis
2384 4314 2468 4370 He
2470 4312 2552 4370 ied
2524 4316 2907 4392 elbergensibus

691 4408 743 4448 a.
787 4386 970 4451 1838.
1012 4392 1165 4451 fasc.
1188 4390 1247 4450 7.
1302 4392 1688 4472 Sequatumqne
1730 4402 1813 4452 est
1852 4394 2254 4456 additamentum
2296 4402 2354 4456 in
2395 4399 2529 4464 fasc.
2569 4395 2637 4458 8.
