3192 4992
614 338 743 407 328
804 339 817 348 ³
1241 340 1345 400 nr.
1386 289 1764 410 Aureum
1801 335 2197 398 AETNAmS.

616 509 723 581 los
774 529 949 578 esse.
1050 502 1194 577 Sed
1243 528 1376 576 non
1427 502 1851 577 mediocriter
1897 502 2280 577 conturbari
2327 525 2433 575 me
2465 501 2688 576 fateor
2717 502 2848 574 alia

617 634 720 682 re.
823 607 1006 698 Quas
1058 605 1233 684 enim
1282 629 1485 702 supra
1534 604 1863 702 descripsi
1925 603 2091 676 duas
2142 604 2335 677 unius
2386 604 2564 676 vasis
2628 603 2848 698 pictu-

618 734 772 801 ras,
839 733 954 782 eas
1005 701 1417 786 Welckerus
1483 706 1746 803 quidem
1808 730 1881 802 p.
1934 708 2111 781 256.
2163 729 2310 801 seq.
2374 729 2506 778 uno
2572 705 2645 776 in
2698 728 2848 790 vase
2911 757 2917 768 ,

619 834 768 884 esse
820 811 915 883 ait
956 808 1140 906 apud
1167 807 1549 881 Passerium
1602 808 1825 879 ‘tabula
1866 804 2123 879 CCIV.
2223 811 2320 879 At
2367 807 2537 878 nihil
2587 807 2718 877 tale
2771 830 2852 878 ea

618 912 844 986 tabula
892 911 1112 1001 habet,
1167 909 1339 982 sed
1319 936 1390 981 ιιι
1425 910 1724 981 Passer-ii
1757 909 2036 1005 picturis
2066 908 2505 981 Etruscorum
2536 908 2668 979 vol.
2700 906 2848 980 ΠΙ.

619 1014 844 1087 tabula
894 1009 1227 1084 CCLIII.
1290 1012 1472 1082 illam
1536 1011 1734 1087 habet
1782 1011 2146 1106 picturam,
2218 1034 2410 1107 quam
2474 1011 2545 1081 in
2594 1010 2851 1105 postica

482 1183 489 1198 ,
619 1123 808 1234 parte
861 1114 1035 1185 vasis
1088 1136 1235 1184 esse
1287 1113 1519 1185 scribit
1546 1111 1986 1203 Welckerus,
2041 1136 2207 1208 quae
2259 1135 2483 1183 senem
2517 1111 2849 1182 barbatum

620 1218 795 1290 inter
848 1215 1012 1287 duos
1063 1215 1333 1286 iuvenes
1382 1214 1641 1286 malleis
1691 1214 2051 1286 instructos
2106 1213 2419 1285 ostendit.
2535 1212 2645 1284 Ea
2697 1235 2849 1290 vcro

586 1318 883 1416 ,pictura
933 1315 1104 1412 apud
1155 1315 1535 1388 Passerium
1586 1317 1658 1387 in
1709 1315 1919 1388 altera
1967 1323 2155 1411 parte
2208 1314 2383 1385 vasis
2433 1338 2565 1386 non
2616 1313 2853 1384 mulie·

621 1444 762 1490 rem
812 1442 937 1491 nec
991 1419 1165 1490 viros
1217 1417 1301 1489 ad
1353 1416 1718 1490 feriendum
1769 1424 2039 1513 paratos
2091 1417 2418 1509 aliumque
2471 1416 2681 1485 virum
2731 1436 2853 1510 pa-

622 1528 913 1611 ventem,
967 1519 1085 1592 sed
1137 1528 1273 1591 tres
1324 1519 1536 1590 nudos
1586 1520 1857 1592 iuvenes
1895 1542 2039 1590 cum
2075 1517 2324 1613 petasis
2360 1516 2657 1606 exhibet,
2709 1516 2854 1587 col-

622 1623 969 1718 loquentes
1018 1622 1193 1692 inter
1242 1644 1355 1710 se,
1424 1644 1698 1716 quorum
1751 1644 1918 1691 unus
1970 1619 2276 1690 malleum
2328 1626 2548 1708 tenet,
2613 1616 2854 1712 reliqui

624 1723 753 1796 duo
817 1720 1262 1794 nihil.111a
1314 1745 1469 1793 vero
1536 1723 1798 1816 pictura
1860 1722 1929 1791 in
1999 1743 2128 1815 qua
2178 1719 2416 1791 mulier
2463 1727 2607 1809 est,
2682 1717 2854 1814 apud

623 1822 1054 1898 Passerium
1032 1847 1103 1893 ιιι
1136 1822 1270 1895 alio
1305 1846 1458 1893 vase
1489 1831 1617 1913 est,
1664 1821 1836 1919 quod
1867 1822 2113 1917 pictum
2143 1830 2246 1893 est
2278 1821 2499 1894 tabula
2528 1817 2855 1897 CCLIV.

625 1925 950 2020 habetque
1026 1924 1095 1993 in
1161 1924 1372 1995 altera
1441 1924 1615 1994 vasis
1679 1932 1867 2018 parte
1936 1923 2307 2020 oppositam
2370 1922 2722 2018 imaginem
2788 1921 2859 1993 in

626 2025 843 2097 medio
875 2025 1112 2096 stantis
1147 2024 1615 2115 adolescentiS,
1659 2035 1733 2096 ut
1760 2023 2112 2096 Passerius
2140 2025 2638 2120 iuterpretatur,
2691 2046 2861 2094 nova

626 2137 788 2222 toga
835 2125 1074 2216 induti,
1128 2126 1234 2197 cui
1287 2150 1373 2196 ex
1425 2137 1702 2223 utraque
1754 2134 1945 2222 parte
1998 2125 2216 2197 adstat
2266 2126 2370 2196 vir
2404 2134 2670 2221 togatus
2713 2149 2861 2197 cum

625 2228 890 2319 baculo,
944 2252 1218 2323 quorum
1251 2228 1538 2299 virorum
1586 2229 1760 2300 alter
1793 2227 2196 2323 colloquitur
2231 2251 2379 2299 cum
2412 2225 2859 2317 adolescente,
2945 2265 2952 2274 ·

538 2395 543 2406 ,
628 2330 803 2404 inter
855 2329 1136 2400 alterum
1184 2337 1404 2401 autem
1455 2338 1522 2401 et
1573 2330 2059 2401 adolescentem
2103 2328 2391 2425 pendent
2425 2329 2703 2400 exuviae
2747 2352 2863 2399 ca·-
2901 2353 2906 2358 ·

410 2449 417 2458 ‘
542 2515 553 2524 Ν
625 2432 786 2529 pitis
836 2431 1041 2531 ovini.
1142 2430 1489 2528 Apparere
1543 2431 2020 2530 ergo-videtur,
2074 2430 2499 2503 coniunxisse
2527 2429 2863 2501 Welcke-

627 2549 786 2604 rum·
824 2531 1099 2604 duorum
1150 2533 1445 2628 picturas
1500 2557 1831 2624 vasorum,
1884 2531 2084 2604 credo
2121 2531 2295 2628 quod
2326 2531 2599 2604 Palicos
2636 2542 2864 2604 osten-

632 2635 788 2705 dere
840 2634 1245 2722 viderentur,
1278 2657 1541 2749 ‘easque
1593 2633 1856 2721 deinde,
1911 2657 2040 2705 non
2094 2633 2308 2705 denuo
2359 2632 2662 2728 inspecto
2689 2632 2865 2704 Pas-

631 2733 791 2805 serii
839 2733 1042 2822 libro,
1094 2756 1224 2802 uno
1275 2733 1343 2803 iu
1396 2756 1550 2803 vase
1605 2757 1752 2804 esse
1806 2733 2081 2805 dixisse.
2114 2734 2179 2832 ⁸)
2282 2733 2644 2846 Utriusque
2689 2735 2863 2807 vasis

634 2835 926 2929 picturas
975 2832 1327 2904 Passerius
1394 2833 1478 2905 ad
1538 2857 1653 2904 res
1706 2835 2004 2907 scenicas
2055 2836 2353 2926 rettulit,
2435 2826 2633 2932 atque
2697 2835 2864 2908 illud

587 2958 594 2963 ·
635 2957 787 3025 vas,
852 2934 923 3004 iu
975 2934 1162 3006 cuius
1216 2934 1425 3005 altera
1487 2943 1679 3031 parte
1731 2960 1939 3007 senex
1991 2960 2139 3008 cum
2191 2936 2443 3009 duobus
2496 2938 2861 3028 iuvenibus,

633 3036 703 3107 in
755 3036 966 3109 altera
1015 3044 1151 3108 tres
1185 3034 1360 3106 nudi
1414 3036 1540 3107 viri
1573 3044 1753 3130 sunt,
1805 3034 2183 3110 Vulcanum
2216 3048 2406 3135 putat
2440 3039 2865 3136 spectandum

636 3138 951 3236 praebere
1005 3137 1504 3211 contendentem
1556 3163 1703 3211 cum
1756 3136 2200 3236 CyclopibuS,
2264 3140 2579 3238 litemque
2632 3140 2864 3213 deinde

638 3240 1106 3340 compositam:
1161 3240 1435 3311 alterius
1488 3249 1706 3311 autem
1757 3241 1960 3331 vasis,
2014 3242 2199 3315 cuius
2252 3266 2382 3314 una
2419 3244 2675 3339 pictura
2704 3243 2868 3314 ado-

637 3343 995 3414 lescentem
1057 3365 1230 3413 nova
1293 3349 1455 3437 toga
1515 3341 1812 3414 indutum
1877 3343 2054 3414 inter
2117 3342 2282 3415 duos
2349 3345 2529 3417 viros
2593 3344 2866 3436 referat,
2923 3397 2932 3406 .

632 3444 917 3516 ‚alteram
978 3443 1302 3538 picturam
1373 3468 1504 3514 non
1582 3443 1842 3515 videtur
1904 3451 2086 3517 recte
2153 3468 2301 3517 esse
2366 3447 2867 3544 interpretatus.

636 3544 829 3619 Dicit
895 3546 1064 3617 enim
1131 3545 1429 3640 geminos
1495 3544 1791 3617 homines
1858 3544 2198 3619 silvestres
2263 3548 2537 3620 hircinis
2603 3549 2868 3620 auribus
2947 3627 2956 3640 x

634 3645 1005 3741 -praeditoS,
1058 3656 1211 3738 aut,
1265 3647 1324 3717 si
1376 3647 1523 3741 quis
1575 3647 1788 3737 malit,
1838 3644 2109 3719 Faunos
2160 3647 2513 3741 caudatos,
2570 3651 2870 3746 bipenni-

644 3746 765 3816 bus
829 3757 1115 3830 armatos
1181 3749 1458 3820 alterum
1523 3747 1653 3818 sibi
1718 3772 1808 3820 ex
1873 3749 2102 3820 eodem
2169 3759 2366 3823 coetu
2417 3759 2870 3823 occurrentem
2905 3766 2932 3775 ‘

610 3846 845 3919 ferire
896 3857 1178 3941 tentare,
1229 3857 1575 3946 paventem
1627 3857 1696 3921 et
1745 3851 2168 3946 supplicem3.
2216 3860 2285 3924 at
2333 3852 2644 3925 feminam
2691 3851 2872 3924 humi

815 4114 875 4200 8)
932 4118 1217 4185 Confitetur
1269 4139 1489 4189 errorem
1533 4121 1852 4181 Welckeruc
1881 4107 1960 4183 *in
2015 4123 2417 4182 Zimmermanni
2469 4124 2690 4183 Diurnis
2745 4130 2870 4184 anti·

647 4205 843 4281 quariic
886 4224 934 4262 a.
980 4201 1164 4263 1838.
1208 4225 1260 4264 ιι.
1307 4204 1406 4265 29.
1463 4226 1515 4283 p.
1561 4201 1706 4272 239.
1768 4216 1937 4266 ortum
1988 4228 2081 4285 per
2133 4211 2327 4267 amicos
2370 4215 2483 4268 eius
2526 4212 2870 4279 Paride-asez,

647 4296 1030 4435 corn-legggique
1067 4293 1211 4436 1ἱιι3ι18ι
1229 4309 1347 4349 esse
1400 4293 1465 4348 ab
1518 4311 1579 4349 se
1620 4301 1797 4351 monet
1847 4298 1904 4351 in
1921 4291 2166 4353 Notitiis
2207 4294 2440 4352 Instituti
2496 4294 2867 4373 archaeologici

648 4393 700 4431 ²·
970 4395 1026 4453 1²·
