3192 4992
955 397 1065 459 ΒΕ
1110 398 1401 460 OFFICIO
1450 399 1960 462 INTERPRETIS'.
2447 398 2572 464 119
2656 446 2661 456 .

329 563 718 655 *credamusn
775 564 857 637 ob
910 587 1073 661 quas
1120 564 1422 662 ingratus
1475 589 1624 637 esse
1651 555 1936 637 Hieroni
1979 564 2332 637 videretur.
2412 564 2660 643 Hoc21

345 665 556 762 igitur
601 666 796 738 mode
849 666 909 737 si
959 674 1242 742 mentem
1292 675 1529 763 poetae
1578 668 2153 761 interpretamur,
2182 666 2400 738 omnia
2449 693 2569 740 co-

347 766 621 839 haerent
660 768 1042 864 aptissime..
1103 767 1389 840 Monere
1430 791 1707 864 poenam
1738 765 1999 840 Ixionis
2043 767 2241 859 dicit,
2295 792 2377 840 ne
2422 771 2566 864 quis
2637 760 2640 765 ¹

345 868 436 940 sit
483 868 823 965 ingratus·
895 893 1046 940 nam
1108 863 1417 941 celeriter
1481 869 1672 941 deum
1735 870 2014 941 consilia
2079 892 2200 941 sua
2248 872 2564 966 exsequi3

342 968 712 1065 deprimere
763 971 1150 1066 superbum,
1222 978 1297 1042 ut
1359 995 1534 1043 nnnc
1581 971 2018 1059 Anaxilaum3
2100 972 2269 1043 alios
2320 995 2563 1068 augere

341 1071 634 1163 honore,
684 1079 759 1143 ut
809 1070 1196 1144 Hieronem.
1299 1069 1439 1145 Sed
1503 1072 1683 1143 nolle
1734 1096 1807 1144 se
1858 1072 2252 1144 maledicere
2301 1072 2565 1144 Anaxi-

340 1172 479 1263 lao,
529 1195 614 1243 ne
665 1174 899 1245 similis
950 1174 1251 1245 videatur
1300 1173 1713 1246 Archilochi.
1816 1171 2159 1271 Optimum
2210 1198 2383 1265 esse,
2435 1199 2565 1271 po-

340 1273 614 1345 tentiam
662 1274 905 1346 habere
956 1277 1369 1347 coniunctam
1420 1299 1564 1347 enm
1616 1275 1975 1372 sapientia:
2043 1283 2238 1370 atque
2273 1275 2403 1347 hoc
2434 1300 2562 1348 no-

337 1375 514 1446 mine
580 1375 711 1447 iam
774 1374 1025 1448 laudat⁴
1062 1376 1464 1468 Hieronem,
1550 1377 1914 1472 respiciens
1978 1375 2061 1447 ad
2132 1376 2559 1468 Anaxilaum,
2632 1409 2636 1415 Δ

336 1483 674 1571 potentem
725 1477 1010 1574 quidem,
1061 1478 1177 1550 sed
1230 1502 1378 1549 nou·
1410 1478 1745 1573 sapienter
1791 1501 1964 1550 nova
1999 1478 2068 1549 in
2092 1475 2358 1550 Locros
2412 1502 2557 1549 mo—

335 1578 553 1648 litum.
654 1577 736 1649 In
786 1579 906 1649 illa
955 1580 1328 1652 laudatione
1381 1579 1555 1675 qnod
1599 1579 1788 1670 dicit,
1841 1603 2008 1651 vano
2043 1578 2324 1671 consilio
2355 1579 2559 1650 stulta

337 1680 607 1770 conari,
645 1680 734 1751 'si
785 1681 934 1775 quis
1002 1681 1207 1752 ullum
1258 1681 1458 1751 alium
1509 1678 1922 1753 Graecorum
1971 1679 2270 1752 Hierone
2321 1681 2555 1776 opibus
2625 1759 2630 1772 ,

336 1789 411 1852 et
468 1780 719 1853 honore
784 1779 1318 1853 excellentiorem
1383 1783 1761 1878 praedicet,
1828 1781 1897 1853 id
1963 1788 2095 1853 tam
2148 1782 2438 1877 graviter
2489 1789 2558 1853 et

335 1903 507 1978 pene
560 1884 967 1955 contentiose
1019 1884 1260 1956 dictum
1312 1893 1455 1976 est,
1526 1893 1604 1956 ut
1654 1884 1736 1954 ad
1784 1884 2031 1956 factum
2082 1882 2347 1978 aliquod
2392 1902 2558 1979 spe-

333 1991 518 2054 ctare
570 1983 891 2075 videatur,
943 1986 1081 2056 sive
1133 1987 1304 2057 alins
1354 1993 1578 2104 poeta,
1632 1984 2069 2086 Bacchylides
2106 1985 2367 2082 opinor,
2420 1985 2556 2055 tale

331 2083 493 2180 quid
544 2084 738 2176 dixit,
790 2088 955 2177 sive,
1011 2087 1185 2182 quod
1236 2089 1377 2158 veri
1427 2088 1707 2159 similius
1761 2110 1907 2159 esse
1958 2094 2148 2182 puto,
2197 2084 2558 2156 Pindarum

331 2185 769 2281 Bacchylides
823 2212 902 2260 eo
953 2190 1213 2260 nomine
1281 2196 1423 2260 erat
1476 2190 1882 2260 criminatus,
1998 2186 2096 2259 Et
2160 2187 2260 2258 sic
2311 2185 2558 2298 optime

333 2289 639 2359 convenit
688 2312 768 2360 ea
815 2291 1028 2381 ratio,
1097 2313 1223 2385 qna
1273 2290 1495 2361 statim
1544 2291 1616 2362 in
1664 2289 1895 2360 laudes
1946 2287 2263 2359 Hieronis
2316 2311 2560 2358 excur-

330 2388 503 2460 ritur
531 2393 790 2481 11).,

535 2490 772 2562 Missis
834 2513 1011 2561 nunc
1076 2513 1240 2585 quae
1304 2488 1696 2578 intermedia
1761 2497 1917 2561 sunt
1979 2489 2253 2560 alteram
2302 2491 2558 2584 partem

331 2590 643 2662 carminis
694 2590 1206 2663 consideremuS.
1306 2588 1389 2663 In
1442 2613 1521 2661 ea
1572 2590 1762 2662 valde
1815 2591 2177 2661 dubitatum
2219 2590 2345 2682 est,
2401 2589 2558 2685 quid

328 2691 438 2763 llis
490 2692 736 2763 dixerit
784 2691 1152 2763 Pindarus.
1219 2690 1479 2818 γένοι’,
1536 2689 1689 2774 υἷος
1736 2688 1895 2764 ἐσσι
1944 2685 2265 2785 μαθών·
2337 2686 2557 2773 καλός

328 2818 445 2866 τοι
493 2790 752 2867 πίθων
799 2791 1002 2889 παρὰ
1052 2790 1346 2881 παισίν,
1415 2790 1558 2866 azel
1606 2788 1845 2875 καλός.
1948 2792 2099 2865 Non
2154 2816 2319 2919 opus
2375 2792 2558 2863 vide-

328 2902 463 2984 tur,
517 2903 589 2966 ut
635 2902 748 2966 aut
796 2910 1154 2991 pancorum
1202 2896 1517 2967 librorum
1570 2896 1962 2991 scripturam
1993 2889 2214 2975 καλός
2239 2919 2375 2980 τις,
2428 2917 2556 2989 qna

328 2996 495 3067 nihil
544 2996 710 3091 fingi
760 2997 1134 3092 languidius
1186 3006 1445 3093 potest,
1500 2996 1901 3087 refutemus,
1970 2985 2083 3066 aut'
2137 2994 2553 3067 ostendamus
2654 3048 2661 3057 ·

330 3105 589 3169 errasse
640 3096 1095 3188 Huschkium,
1165 3098 1311 3195 qui,
1388 3095 1560 3193 qnod
1613 3095 2002 3170 Archilochi
2067 3096 2310 3167 mentio
2377 3095 2554 3168 facta

323 3207 511 3291 erat,
583 3199 838 3270 moneri
899 3197 1259 3272 Hieronem
1324 3199 1635 3295 putabat,
1710 3206 1784 3270 ut
1831 3191 2310 3280 recordaretur
2361 3221 2552 3292 quam

325 3300 487 3372 olim
537 3321 705 3397 puer
752 3300 1140 3373 Archilochi
1193 3300 1274 3371 dc
1328 3299 1518 3371 simio
1571 3267 1854 3370 fabulam
1910 3299 2279 3371 didicisset.
2381 3296 2552 3369 Nam

326 3425 452 3474 nec
503 3404 700 3473 verba
746 3404 930 3474 illam
979 3402 1587 3522 interpretationem
1636 3401 1988 3497 recipiunt,
2042 3408 2112 3472 et
2162 3399 2385 3495 gravis
2429 3422 2552 3470 au·-

326 3511 476 3576 ctor
524 3502 826 3577 Galenus
892 3503 1087 3576 docet
1147 3506 1280 3574 iam
1342 3510 1602 3574 veteres
1666 3502 1832 3574 haec
1881 3502 1982 3574 sic
2031 3500 2411 3597 accepisse,
2476 3506 2551 3574 ut

323 3604 550 3702 pueris
600 3607 866 3702 plaeere
916 3605 1200 3697 simiam,
1265 3603 1440 3701 quod
1490 3602 1808 3677 ridiculus
1861 3611 2001 3695 est,
2070 3601 2249 3684 dicat
2296 3600 2551 3687 Pinda-

323 3729 465 3780 rus.
565 3706 813 3798 Miror,
868 3706 1040 3803 quod
1074 3707 1420 3779 Boeckhio
1470 3707 1822 3802 repetitum
1869 3701 2091 3785 καλὸς
2138 3704 2395 3820 puerile
2446 3704 2550 3775 vi-

323 3833 471 3880 sum
522 3816 652 3901 est,
706 3807 1006 3906 quodque
1056 3818 1256 3905 negat
1307 3832 1381 3880 se
1432 3807 1809 3905 intelligere
1860 3829 2068 3904 quam
2102 3805 2234 3876 vim
2271 3805 2383 3878 hic
2429 3803 2547 3879 τοι

495 4094 591 4179 ²¹)
645 4098 793 4163 Quae
834 4085 899 4156 de
938 4103 1109 4175 priore
1151 4102 1395 4156 carminis
1435 4104 1579 4174 parte
1624 4097 1760 4155 dicta
1802 4103 1952 4166 sunt,
1992 4091 2172 4153 laudat
2211 4093 2540 4156 Boeckhius·

326 4183 419 4242 sed
467 4190 639 4242 tamen
690 4203 786 4240 sua
839 4183 1084 4241 defendit.
1180 4182 1242 4241 In
1296 4184 1459 4240 altera
1498 4191 1669 4258 parte,
1728 4177 1879 4262 (nam
1918 4200 2070 4238 omne
2111 4197 2315 4237 carmen
2358 4177 2542 4236 debere

325 4289 392 4326 ex
430 4290 537 4327 una
579 4271 887 4346 cogitatione
927 4263 1209 4349 proficisci)
1266 4288 1368 4326 non
1407 4273 1515 4325 lam
1558 4286 1616 4323 se
1660 4266 1909 4324 adversus
1954 4267 2320 4323 obtrectatores
2362 4260 2538 4320 defeu-

249 4399 259 4411 .
293 4347 444 4411 ‘dere
471 4353 771 4430 Pindarum,
814 4352 908 4412 ‘sed
950 4370 1157 4412 monere
1196 4372 1263 4412 ne
1304 4354 1441 4411 mala
1482 4352 1701 4411 consilia
1744 4350 2023 4409 suadentes
2065 4354 2414 4407 assentatores
2448 4365 2536 4406 au·

324 4436 431 4496 diat
468 4437 654 4497 Hiero.
