3192 4992
898 341 1003 402 BE
1041 336 1538 443 amomum)
1578 337 2040 402 otmuco.
2452 336 2594 406 895

353 504 523 583 itha
568 514 885 606 punctum
931 504 1307 604 designent.
1406 506 1561 598 Qua
1608 512 1752 578 arte
1806 528 1962 579 vero
2012 512 2130 580 aut
2181 528 2313 604 qua
2357 506 2585 581 felici·

355 620 491 684 tate
541 611 843 683 fortunae
893 609 1050 700 fiet,
1121 617 1199 680 ut
1262 632 1490 680 omnes
1550 607 1725 680 idem
1778 609 1906 680 sibi
1967 616 2296 704 punctum·
2329 612 2585 682 consti-

355 706 598 785 tuant?
696 709 841 784 Sed
892 711 1211 800 evenerit,
1265 709 1440 805 quod
1487 709 1878 782 incredibile
1929 718 2058 801 est,
2107 719 2187 782 ut
2236 734 2461 783 omnes
2509 711 2584 785 in

354 815 485 932 isto
533 822 780 910 puncto
833 813 1315 931 censenserint,
1367 812 1865 930 consentientne
1916 812 2112 884 etiam
2161 813 2234 885 in
2282 813 2405 884 illo
2456 814 2587 885 mi-

290 988 299 992 ’
354 939 558 1090 ’.Ἒῖΐ
587 939 743 1105 ἑὲῗῗ
784 907 2587 1112 ttfflssrtssfflsssffzffiffi‘f{wizzam

354 1118 843 1214 conspiciatur,
897 1116 1077 1189 aliud
1125 1124 1478 1214 punctum,
1527 1114 1728 1212 idque
1778 1115 2044 1188 minimo
2095 1117 2450 1190 intervallo
2501 1117 2588 1189 ab

357 1243 443 1292 eo
492 1217 667 1315 quod
718 1243 852 1291 non
901 1217 1129 1290 videas
1175 1226 1421 1314 puncto
1458 1215 1712 1289 distans
1739 1217 1861 1289 tibi
1886 1217 2238 1325 petendum
2272 1211 2589 1315 snmere?
2641 1212 2648 1219 ⁸

356 1320 615 1417 Magna
662 1319 964 1417 profecto
1015 1342 1126 1392 ars
1176 1326 1247 1390 et
1294 1342 1570 1415 prorsus
1622 1317 1867 1411 divina,
1921 1321 2202 1416 'spatium
2236 1321 2413 1393 inter
2453 1319 2586 1392 dne
2654 1402 2665 1412 ,

342 1432 642 1519 puncta,
711 1446 984 1518 quorum
1036 1421 1185 1518 quis
1234 1429 1536 1492 neutrum
1586 1419 1848 1512 videat,
1914 1422 2111 1493 simul
2163 1445 2308 1494 cum
2362 1422 2587 1494 multis

361 1525 514 1597 aliis
577 1524 650 1596 iu
699 1522 927 1594 eadem
979 1522 1357 1594 conditione
1408 1522 1820 1594 versantibus
1881 1547 2015 1595 non
2078 1524 2293 1595 solum
2342 1525 2642 1616 metiri,9
2744 1604 2750 1615 ,

361 1625 481 1698 sed
547 1625 744 1697 etiam
808 1633 993 1696 tante
1060 1624 1288 1696 metirix
1343 1632 1729 1696 cunctorum
1780 1646 2105 1697 consensu
2123 1676 2148 1717 ,
2218 1634 2297 1698 ut
2345 1628 2590 1700 iustum

363 1751 591 1800 omnes
640 1726 856 1798 locum
909 1726 1273 1807 obtineant.

564 1826 787 1898 Habet
840 1851 992 1899 vero
1043 1828 1174 1898 ista
1223 1826 1489 1922 obliqua
1538 1824 1768 1922 oppidi
1817 1825 2065 1921 positio
2116 1825 2296 1899 aliud
2333 1844 2594 1924 quoque

365 1929 619 2019 vitium,
672 1928 755 2000 de
806 1952 936 2024 quo
988 1952 1121 2000 non
1169 1928 1502 2024 cogitasse
1552 1928 1935 1999 inventores
1985 1927 2129 2000 eius
2181 1939 2251 2000 et
2282 1953 2595 2025 compro-

365 2033 630 2104 batores
681 2029 1012 2101 videntur.
1112 2028 1280 2100 Nam
1336 2054 1530 2125 quum
1568 2037 1796 2125 aperte
1846 2053 1930 2101 eo
1963 2028 2256 2125 iniquior
2283 2032 2373 2102 sit
2411 2032 2596 2102 auri-

363 2155 492 2229 gae
542 2129 862 2221 conditio,
917 2155 1046 2227 quo
1099 2139 1205 2202 est
1248 2130 1589 2202 dexterior
1632 2130 2025 2221 collocatus,
2080 2156 2160 2202 eo
2205 2132 2439 2203 melior
2471 2154 2598 2204 au·-

363 2244 523 2323 tem,
577 2256 706 2328 quo
758 2232 1157 2323 sinisterior,
1208 2230 1382 2327 quod
1435 2231 1590 2302 baie
1642 2231 1927 2322 brevior,
1977 2231 2081 2302 illi
2132 2232 2398 2328 longior
2441 2257 2599 2305 cur-

367 2359 482 2407 sus
531 2332 948 2431 peragendus
999 2342 1142 2424 est,
1218 2357 1352 2403 non
1415 2332 1734 2427 aequitati
1783 2333 2244 2427 prospexisset
2293 2333 2600 2407 conditor

369 2435 636 2533 oppidi,
705 2433 878 2530 quod
945 2458 1093 2505 eum
1158 2440 1376 2505 tamen
1424 2434 1718 2504 voluisse
1767 2456 1878 2504 res
1927 2434 2076 2529 ipsa
2127 2434 2407 2525 clamat,
2457 2433 2601 2508 sed

371 2537 562 2634 quasi
612 2535 694 2607 de
744 2534 1071 2606 industria
1117 2535 1389 2607 fecisset
1439 2528 1867 2608 contrarium.
1949 2536 2165 2626 Quum
2205 2537 2375 2615 enim
2404 2537 2601 2631 primi

369 2640 826 2726 mitterentur,
902 2637 1014 2732 qui
1061 2637 1129 2708 in
1183 2645 1460 2733 utraque
1511 2635 1741 2732 oppidi
1792 2638 1902 2707 ala
1951 2647 2310 2709 extremam
2362 2640 2605 2713 statio-

153 2736 171 2751 '
211 2818 218 2837 ι
371 2765 522 2812 nem
571 2739 911 2829 baberent,
964 2738 1199 2819 deinde
1251 2748 1468 2810 autem
1519 2739 1632 2834 qui
1682 2738 1788 2809 bis
1822 2739 2110 2835 proximi
2143 2739 2602 2833 succederent,
2697 2779 2714 2783 -

376 2842 644 2936 obliquo
696 2841 827 2912 situ
881 2839 1107 2936 oppidi
1159 2839 1338 2911 effici
1387 2862 1661 2911 necesse
1711 2848 1881 2930 erat,
1933 2849 2008 2912 nt
2047 2864 2300 2931 omnes,
2354 2842 2466 2935 qui
2515 2866 2608 2914 ex

376 2943 683 3016 sinistrae
735 2943 882 3013 alae
932 2942 1307 3014 carceribus
1359 2942 1681 3028 exissent,
1731 2942 1876 3036 pari
1913 2942 2254 3013 celeritate
2290 2965 2608 3038 equorum

375 3046 639 3143 priores
688 3042 1042 3115 evaderent
1090 3043 1254 3133 illis,
1308 3044 1419 3139 qni
1473 3067 1559 3114 ex
1605 3040 2087 3114 reductioribus
2131 3043 2407 3114 dextrae
2458 3046 2623 3116 alae1

379 3146 755 3220 carceribus
808 3152 1264 3216 excurrerent.
1363 3143 1673 3233 Accedit,
1723 3150 1799 3213 ut
1848 3143 2045 3215 etiam
2096 3143 2415 3239 adspectu
2465 3143 2609 3217 dis·-

378 3249 631 3346 plicere
683 3246 984 3318 debuerit
1034 3245 1301 3340 obliqua
1352 3245 1543 3317 cunei
1592 3244 1870 3340 positio.

583 3345 667 3421 Si
717 3348 1074 3443 contigerit
1125 3347 1309 3432 elim,
1360 3346 1533 3442 qnod
1586 3368 1954 3442 speramus,
2003 3353 2079 3418 ut
2110 3347 2395 3444 repetitu
2438 3366 2607 3442 quae

385 3451 468 3522 de
530 3449 827 3522 Hercule
892 3457 960 3521 et
1021 3449 1245 3544 Augia
1307 3456 1613 3519 narratur
1689 3447 1911 3518 fabula
1971 3449 2424 3520 sanctissimus
2487 3448 2608 3520 ille

387 3550 719 3626 Graeciae
769 3548 1049 3644 angulus
1099 3550 1258 3620 limo
1313 3558 1382 3622 et
1431 3572 1658 3620 arena*
1680 3549 2037 3639 liberetur,
2089 3549 2609 3645 deteganturque

385 3653 705 3752 pristinae
757 3652 1012 3747 gloriae
1063 3652 1368 3745 vestigia,
1422 3651 1767 3748 apparebit
1813 3649 2099 3725 fortasse
2149 3652 2346 3723 etiam
2400 3652 2614 3747 qualis

386 3756 653 3828 illorum
706 3778 1039 3826 carcerum
1091 3746 1294 3825 fuerit
1340 3761 1699 3825 structura.
1801 3751 1934 3843 Qui
1973 3776 2201 3824 eorum
2253 3751 2490 3824 rudera
2541 3772 2615 3829 se

388 3856 634 3928 vidisse
699 3854 1146 3945 affirmarunt,
1216 3852 1536 3927 Gboiseul
1587 3852 1901 3927 Goul'fier
1963 3861 2034 3925 et
2082 3852 2616 3950 Pouquevillius,

390 3982 508 4031 eos
561 3957 834 4031 credere
885 3956 1092 4029 debeo
1144 3955 1469 4028 refutatos
1519 3979 1668 4029 esse
1719 3978 1761 4026 a
1808 3953 2222 4053 Stanhopio,
2289 3956 2476 4027 cuius
2526 3955 2619 4025 li-

391 4060 576 4131 brum
641 4060 972 4156 inspicere
1037 4057 1199 4141 mihi
1259 4082 1391 4129 non
1442 4058 1749 4154 contigit.
1862 4055 2044 4131 Illud
2096 4078 2252 4128 vero
2305 4055 2618 4147 demiror,

371 4161 573 4257 *quod
620 4162 817 4233 etiam
868 4160 983 4257 qui
1032 4159 1384 4259 novissime
1436 4159 1519 4231 de
1548 4157 1944 4255 olympiaco
1978 4157 2412 4257 hippodromo
2446 4158 2621 4228 scri·-
2683 4150 2688 4157 ’

394 4270 670 4358 pserunt
706 4261 1039 4335 Viscontii
1088 4261 1599 4357 explicationem
1647 4261 1753 4332 illi
1797 4259 2360 4358 posthabuerunt,
2425 4280 2619 4355 quam

396 4363 784 4436 Alexander
858 4363 941 4435 de
1003 4361 1118 4435 La
1167 4362 1392 4435 Borde
1453 4361 1732 4435 invenit.
1858 4359 2031 4435 Nam
2093 4384 2292 4458 quum
2353 4358 2439 4433 ob
2502 4368 2621 4443 eas
