3192 4992
679 366 800 434 156
1228 364 1815 426 EMENDATIONES
1854 365 2327 430 PINDARICAE.

676 532 1081 609 scribendam
1131 557 1278 605 esse
1329 539 1597 605 auctore
1630 530 1972 631 Stephano
1999 533 2350 631 Byzantio,
2403 532 2516 629 qui
2566 532 2668 606 sic
2716 533 2890 605 scri·-

674 637 824 708 bat:
889 631 1427 732 Κεκρὺφοίλεια,
1478 633 1676 730 ἄκρα
1724 661 1871 723 τις,
1921 634 2087 732 περὶ
2133 634 2230 731 ἣν
2275 630 2624 730 ἐνίκησαν
2671 637 2890 734 Αἰγι-

673 744 891 833 νῆται
924 734 1391 832 Ἀθηναίους.
1492 737 1590 807 At
1637 736 1768 810 boc
1804 737 2246 810 testimonium
2274 760 2398 809 nec
2431 760 2554 833 per
2584 759 2658 807 se
2695 736 2891 832 quid-

676 862 869 935 quam
918 838 1095 910 valet
1144 846 1375 912 contra
1439 837 1864 934 gravissimos
1917 847 2219 911 auctores
2235 890 2258 930 ,
2332 845 2402 911 et
2449 838 2671 935 potius
2725 862 2890 909 con·-

675 940 921 1012 sentire
988 955 1134 1014 cum
1198 940 1335 1034 illis
1400 940 1755 1036 putandum
1820 948 1961 1032 est,
2040 940 2361 1037 siquidem
2402 939 2539 1009 ‘vix
2602 937 2890 1011 dubitari

671 1049 896 1140 potest
946 1042 1099 1138 quin
1150 1050 1333 1113 recte
1382 1039 1475 1114 L.
1512 1040 1905 1114 Holstenius
1955 1041 2412 1139 corrigendum
2459 1040 2701 1111 viderit
2746 1043 2889 1113 Az-

723 1138 974 1238 ινήτας
1007 1142 1417 1237 Ἀθηναῖοι.
1532 1140 1676 1216 Sed
1726 1145 1888 1216 satis
1937 1144 2260 1216 refutatus
2311 1151 2414 1214 est
2461 1141 2795 1213 Miillerus
2844 1163 2887 1212 a

783 1251 1027 1341 iigero,
1094 1245 1201 1316 cui
1250 1244 1392 1317 sine
1444 1268 1677 1318 caussa
1729 1245 2105 1341 obloquitur
2150 1243 2529 1317 DisseniuS.
2629 1242 2888 1316 Malle-

665 1370 813 1417 rum
865 1354 1178 1446 sequutus
1228 1356 1330 1418 est
1364 1347 1772 1438 Boeckhius,
1825 1347 1944 1419 sed
1994 1347 2285 1419 scribens
2325 1346 2443 1416 ille
2482 1345 2654 1441 apud
2686 1344 2886 1417 scho-

671 1448 930 1519 liastam
995 1442 1142 1548 zy',
1220 1450 1467 1521 rectius
1533 1449 1891 1521 constituta
1954 1449 2401 1520 numeratione
2462 1444 2885 1542 Pythiadum.

669 1547 838 1622 Inde
890 1558 1309 1622 assenserunt
1358 1551 1554 1622 etiam
1605 1550 1745 1620 alii.
1845 1550 1941 1621 At
1992 1574 2185 1646 quum
2237 1550 2343 1620 vel
2392 1572 2514 1645 per
2554 1571 2626 1618 se
2661 1553 2885 1644 pateat

669 1674 863 1746 quam
913 1650 1111 1721 debili
1161 1651 1577 1724 fundamento
1631 1660 2080 1747 superstructa
2147 1651 2236 1722 sit
2296 1651 2464 1722 baec
2530 1649 2882 1741 sententia,

669 1760 808 1823 tum
872 1752 1357 1824 evidentissime
1438 1776 1525 1824 ex
1591 1753 1739 1849 ipso
1806 1752 2237 1824 demonstrari
2299 1759 2522 1848 potest
2589 1749 2882 1822 Pindaro

669 1853 904 1923 falsam
955 1877 1127 1925 esse.
1227 1852 1395 1925 Nam
1449 1854 1618 1950 quod
1659 1855 2066 1944 Boeckbius,
2088 1875 2248 1950 ‘quo
2297 1854 2482 1923 illam
2511 1851 2883 1949 opinionem

670 1953 1088 2044 defenderet,
1157 1979 1228 2051 p.
1282 1958 1457 2030 308.
1524 1957 1832 2052 scripsit:
1918 1955 2251 2047 „Persica
2300 1979 2458 2027 vero
2525 1954 2740 2052 bella,
2812 1953 2883 2025 in

667 2055 902 2151 quibus
925 2056 1292 2152 Aeginetae
1345 2058 1624 2128 maxime
1677 2058 2155 2148 excelluerunt,
2206 2081 2337 2128 uon
2390 2056 2680 2151 spectari
2727 2054 2882 2126 inde

666 2157 914 2253 liquet,
987 2158 1162 2254 quod
1227 2159 1481 2254 quinam
1550 2159 1655 2229 illi
1717 2160 2078 2231 insolentes
2145 2157 2504 2230 adversarii
2567 2158 2700 2228 sint
2748 2181 2881 2229 non

515 2310 522 2320 .
664 2258 1027 2346 indicatum
1082 2260 1255 2354 quod
1303 2261 1590 2331 invidiae
1644 2260 2026 2333 devitandae
2071 2283 2269 2333 causa
2301 2268 2501 2356 poeta
2528 2259 2714 2350 facit,
2766 2257 2880 2329 ubi

665 2367 898 2432 contra
930 2358 1258 2433 Graecam
1308 2363 1592 2458 aliquam
1643 2362 1969 2435 civitatem
2023 2362 2293 2435 dicit=⁶⁶
2341 2361 2412 2431 id
2462 2368 2707 2432 tantum
2760 2360 2879 2431 ab·

665 2469 792 2533 est.
819 2470 891 2534 ut
942 2462 1283 2558 confirmet
1328 2464 1491 2535 illud
1547 2464 1724 2560 quod
1775 2466 1913 2537 vult
1962 2463 2384 2554 Boeckbins,
2451 2470 2525 2534 ut
2576 2462 2702 2533 vim
2756 2462 2878 2532 ha-

662 2562 816 2634 beat
864 2564 1059 2659 plane
1110 2567 1524 2637 contrariam.
1629 2566 1794 2656 Quis
1841 2566 2067 2638 credat
2094 2566 2292 2655 enim,
2343 2563 2700 2635 Pindarum
2734 2563 2878 2634 Ae-

664 2664 950 2759 ginetas,
1004 2666 1116 2759 qui
1163 2665 1283 2735 illo
1335 2666 1403 2736 in
1454 2666 1752 2760 proelio,
1816 2668 2011 2737 etiam
2064 2667 2123 2736 si
2173 2690 2290 2737 eos
2340 2665 2695 2738 fortissime
2748 2688 2876 2761 pu-

662 2787 900 2860 gnasse
950 2773 1278 2860 putamus,
1331 2775 1545 2837 tamen
1597 2790 1728 2835 una
1778 2791 1922 2837 cum
1950 2766 2458 2863 Peloponnesiis
2498 2767 2655 2838 victi
2688 2774 2875 2838 erant

661 2864 743 2936 ab
767 2864 1342 2956 Atheniensibus,
1415 2891 1545 2937 non
1597 2868 1810 2938 solum
1872 2868 2175 2939 laudasse
2227 2878 2299 2939 ut
2349 2869 2676 2959 victores,
2755 2866 2873 2940 sed

661 2966 858 3037 etiam
880 2966 1317 3038 Athenienses
1352 2991 1766 3063 comparasse
1799 2994 1940 3040 cum
1976 2968 2460 3066 Porphyrione,
2515 2968 2868 3066 Typhoeo,

657 3067 1038 3162 Alcyoneo,
1112 3093 1386 3164 quorum
1437 3070 1867 3142 temeritatem
1919 3069 2223 3168 Iuppiter
2272 3071 2542 3143 fulmine
2596 3081 2665 3143 et
2715 3071 2870 3145 telis

658 3169 797 3240 suis
858 3170 1108 3266 Apollo
1183 3165 1720 3266 prostraverint?
1836 3170 1921 3244 Id
1999 3198 2194 3269 quum
2261 3175 2520 3246 omnino
2586 3173 2869 3245 bominis

655 3270 892 3343 fuisset
940 3272 1204 3363 stolidi,
1262 3279 1410 3343 tum
1476 3274 1761 3345 omnium
1809 3274 2070 3346 minime
2123 3274 2300 3347 cadit
2361 3276 2430 3346 in
2482 3274 2867 3367 Pindarum,

648 3396 848 3469 quem
883 3397 1026 3446 ‚non
1076 3374 1270 3446 modo
1321 3376 1586 3446 summis
1638 3376 1938 3447 laudibus
1989 3376 2311 3448 extollere
2361 3378 2628 3449 solitum
2651 3376 2870 3450 Athe-

565 3464 583 3484 ‘
652 3498 801 3564 naS,
854 3474 971 3545 sed
1023 3476 1218 3547 etiam
1267 3476 1512 3572 insigni
1563 3477 1646 3549 ob
1699 3501 1811 3549 eas
1860 3477 2088 3550 laudes
2138 3478 2389 3551 bonore
2430 3480 2731 3550 affectum
2784 3477 2865 3550 ab

572 3601 578 3608 ·
653 3575 1165 3647 Atheniensibus
1216 3601 1363 3649 esse
1415 3586 1699 3652 constat.
1800 3578 2036 3671 Immo,
2088 3580 2149 3651 si
2199 3579 2572 3676 quidquam,
2625 3579 2867 3652 certis·-

653 3674 885 3748 simum
942 3677 1219 3768 videtur,
1269 3702 1400 3750 non
1452 3679 1533 3750 de
1584 3680 1735 3752 aliis
1787 3704 1978 3777 quam
2028 3680 2110 3753 de
2136 3680 2369 3754 Persis
2421 3682 2664 3754 dictum
2714 3705 2864 3754 esse

650 3775 818 3848 illud
865 3774 1003 3875 βία
1052 3776 1134 3853 δὲ
1183 3777 1311 3858 καὶ
1356 3776 1829 3881 μεγάλαυχον
1875 3782 2191 3880 ἔσφαλεν
2236 3784 2321 3857 ἐν
2361 3778 2641 3880 χρόνῳ,
2694 3789 2865 3879 quo-2

543 3899 548 3914 ¹
650 3901 793 3948 rum
844 3881 1122 3952 tumidas
1187 3883 1394 3954 minas
1458 3891 1526 3955 et
1586 3882 1874 3956 ferocem
1939 3885 2309 3981 superbiam
2356 3879 2723 3980 Aeginetae
2775 3883 2861 3957 ad

650 3977 1052 4053 Salaminem
1100 3990 1280 4054 tanta
1329 3983 1710 4057 fortitudine
1761 3985 2123 4081 fregerunt,
2173 3987 2258 4059 iis
2307 3995 2381 4059 ut
2419 3986 2735 4082 primatus
2770 3987 2860 4059 sit

647 4080 1058 4178 adiudicatus
1081 4110 1103 4155 ε
1169 4084 1342 4180 quod
1393 4093 1672 4158 testatus
1722 4096 1827 4159 est
1857 4086 2238 4161 Herodotus
2266 4086 2480 4160 VIII.
2531 4090 2658 4163 93.
2759 4086 2858 4161 Et
2914 4085 2925 4098 ⁶

649 4184 796 4279 quis
858 4208 991 4256 nou
1040 4186 1296 4278 videat,
1364 4196 1432 4260 et
1479 4188 1714 4285 ingens
1760 4188 2066 4262 debuisse
2115 4189 2371 4262 bellum
2408 4213 2555 4262 esse
2606 4197 2676 4261 et
2722 4214 2857 4263 non

647 4283 1082 4379 Graecorum,
1135 4288 1253 4360 sed
1302 4289 1748 4383 barbarorum,
1800 4291 1974 4388 quod
2014 4317 2159 4364 cum
2193 4289 2556 4388 Gigantum
2589 4291 2854 4363 immani

646 4394 884 4462 conatu
931 4397 1420 4487 compararetur
1436 4383 1502 4462 P'
1571 4390 1689 4464 Ex
1753 4417 1881 4489 quo
1946 4393 2406 4491 consequitur,
2471 4400 2851 4490 corruptum
