<?xml version="1.0" encoding="UTF-8"?>
<!DOCTYPE html PUBLIC "-//W3C//DTD XHTML 1.0 Transitional//EN"
    "http://www.w3.org/TR/xhtml1/DTD/xhtml1-transitional.dtd">
<html xmlns="http://www.w3.org/1999/xhtml" xml:lang="en" lang="en">
 <head>
  <title>
</title>
<meta http-equiv="Content-Type" content="text/html;charset=utf-8" />
  <meta name='ocr-system' content='tesseract 3.04.00' />
  <meta name='ocr-capabilities' content='ocr_page ocr_carea ocr_par ocr_line ocrx_word'/>
</head>
<body>
  <div class='ocr_page' id='page_1' title='image "./godofrediherman00fritgoog_0163.png"; bbox 0 0 3192 4992; ppageno 0'>
   <div class='ocr_carea' id='block_1_1' title="bbox 945 382 2601 450">
    <p class='ocr_par' dir='ltr' id='par_1_1' title="bbox 945 382 2601 450">
     <span class='ocr_line' id='line_1_1' title="bbox 945 382 2601 450; baseline 0.005 -8"><span class='ocrx_word' id='word_1_1' title='bbox 945 382 1534 444; x_wconf 78' lang='lat' dir='ltr'><strong>EMENDATIONES</strong></span> <span class='ocrx_word' id='word_1_2' title='bbox 1575 383 2051 448; x_wconf 82' lang='lat' dir='ltr'><strong>PINDARICAE.</strong></span> <span class='ocrx_word' id='word_1_3' title='bbox 2484 384 2601 450; x_wconf 74' lang='lat'><strong>151</strong></span> 
     </span>
    </p>
   </div>
   <div class='ocr_carea' id='block_1_2' title="bbox 389 499 2700 849">
    <p class='ocr_par' dir='ltr' id='par_1_2' title="bbox 389 499 2700 849">
     <span class='ocr_line' id='line_1_2' title="bbox 389 499 2700 647; baseline 0.003 -28"><span class='ocrx_word' id='word_1_4' title='bbox 389 548 489 619; x_wconf 86' lang='lat' dir='ltr'><strong>ita</strong></span> <span class='ocrx_word' id='word_1_5' title='bbox 536 499 887 621; x_wconf 69' lang='lat' dir='ltr'><strong>cohaerere</strong></span> <span class='ocrx_word' id='word_1_6' title='bbox 903 597 929 641; x_wconf 84' lang='lat'><strong><em>,</em></strong></span> <span class='ocrx_word' id='word_1_7' title='bbox 1010 556 1087 620; x_wconf 90' lang='lat' dir='ltr'><strong>ut</strong></span> <span class='ocrx_word' id='word_1_8' title='bbox 1149 573 1193 619; x_wconf 88' lang='lat' dir='ltr'><strong>a</strong></span> <span class='ocrx_word' id='word_1_9' title='bbox 1253 574 1357 621; x_wconf 86' lang='lat' dir='ltr'><strong>me</strong></span> <span class='ocrx_word' id='word_1_10' title='bbox 1420 549 1779 622; x_wconf 74' lang='lat' dir='ltr'><strong>indicatum</strong></span> <span class='ocrx_word' id='word_1_11' title='bbox 1831 558 1960 623; x_wconf 87' lang='lat' dir='ltr'><strong>est.</strong></span> <span class='ocrx_word' id='word_1_12' title='bbox 2038 547 2322 647; x_wconf 58' lang='lat' dir='ltr'><strong>*Apollo</strong></span> <span class='ocrx_word' id='word_1_13' title='bbox 2374 558 2700 631; x_wconf 83' lang='lat' dir='ltr'><strong>auctor2l</strong></span> 
     </span>
     <span class='ocr_line' id='line_1_3' title="bbox 390 648 2606 748; baseline 0.003 -29"><span class='ocrx_word' id='word_1_14' title='bbox 390 650 518 720; x_wconf 81' lang='lat' dir='ltr'><strong>fuit</strong></span> <span class='ocrx_word' id='word_1_15' title='bbox 564 650 863 722; x_wconf 89' lang='lat' dir='ltr'><strong>coloniae</strong></span> <span class='ocrx_word' id='word_1_16' title='bbox 917 648 1210 745; x_wconf 79' lang='lat' dir='ltr'>Cyrenas</span> <span class='ocrx_word' id='word_1_17' title='bbox 1274 650 1719 723; x_wconf 80' lang='lat' dir='ltr'><strong>deducendae.</strong></span> <span class='ocrx_word' id='word_1_18' title='bbox 1820 650 1894 723; x_wconf 91' lang='lat' dir='ltr'><strong>Is</strong></span> <span class='ocrx_word' id='word_1_19' title='bbox 1959 652 2166 748; x_wconf 78' lang='lat' dir='ltr'><strong>igitur</strong></span> <span class='ocrx_word' id='word_1_20' title='bbox 2212 651 2606 725; x_wconf 83' lang='lat' dir='ltr'><strong>Heraclidas</strong></span> 
     </span>
     <span class='ocr_line' id='line_1_4' title="bbox 389 749 2608 849; baseline 0.003 -29"><span class='ocrx_word' id='word_1_21' title='bbox 389 751 460 820; x_wconf 86' lang='lat' dir='ltr'><strong>in</strong></span> <span class='ocrx_word' id='word_1_22' title='bbox 485 749 1015 847; x_wconf 80' lang='lat' dir='ltr'><strong>Peloponnesum</strong></span> <span class='ocrx_word' id='word_1_23' title='bbox 1050 750 1342 842; x_wconf 81' lang='lat' dir='ltr'><strong>reduxit,</strong></span> <span class='ocrx_word' id='word_1_24' title='bbox 1393 753 1902 848; x_wconf 75' lang='lat' dir='ltr'><strong>nominatimque</strong></span> <span class='ocrx_word' id='word_1_25' title='bbox 1933 751 2266 849; x_wconf 64' lang='lat' dir='ltr'><strong>Spartam</strong></span> <span class='ocrx_word' id='word_1_26' title='bbox 2358 751 2608 849; x_wconf 80' lang='lat' dir='ltr'><strong>Sparta</strong></span> 
     </span>
    </p>
   </div>
   <div class='ocr_carea' id='block_1_3' title="bbox 387 850 2833 947">
    <p class='ocr_par' dir='ltr' id='par_1_3' title="bbox 387 850 2833 947">
     <span class='ocr_line' id='line_1_5' title="bbox 387 850 2833 947; baseline 0.005 -26"><span class='ocrx_word' id='word_1_27' title='bbox 387 850 685 947; x_wconf 83' lang='lat' dir='ltr'><strong>Aegidae</strong></span> <span class='ocrx_word' id='word_1_28' title='bbox 738 851 1033 923; x_wconf 88' lang='lat' dir='ltr'><strong>Theram</strong></span> <span class='ocrx_word' id='word_1_29' title='bbox 1084 862 1439 943; x_wconf 84' lang='lat' dir='ltr'><strong>venerunt,</strong></span> <span class='ocrx_word' id='word_1_30' title='bbox 1510 879 1644 925; x_wconf 91' lang='lat' dir='ltr'><strong>non</strong></span> <span class='ocrx_word' id='word_1_31' title='bbox 1711 855 1853 925; x_wconf 87' lang='lat' dir='ltr'><strong>sine</strong></span> <span class='ocrx_word' id='word_1_32' title='bbox 1920 854 2087 945; x_wconf 88' lang='lat' dir='ltr'><strong>diis,</strong></span> <span class='ocrx_word' id='word_1_33' title='bbox 2162 855 2278 927; x_wconf 88' lang='lat' dir='ltr'><strong>sed</strong></span> <span class='ocrx_word' id='word_1_34' title='bbox 2328 856 2398 926; x_wconf 92' lang='lat' dir='ltr'><strong>in</strong></span> <span class='ocrx_word' id='word_1_35' title='bbox 2450 856 2605 928; x_wconf 76' lang='lat' dir='ltr'><strong>fatis</strong></span> <span class='ocrx_word' id='word_1_36' title='bbox 2709 915 2719 930; x_wconf 63' lang='grc'>,</span> <span class='ocrx_word' id='word_1_37' title='bbox 2824 927 2833 934; x_wconf 73' lang='grc'><strong>.</strong></span> 
     </span>
    </p>
   </div>
   <div class='ocr_carea' id='block_1_4' title="bbox 342 948 2614 3278">
    <p class='ocr_par' dir='ltr' id='par_1_4' title="bbox 342 948 2614 1657">
     <span class='ocr_line' id='line_1_6' title="bbox 389 948 2614 1053; baseline 0.002 -30"><span class='ocrx_word' id='word_1_38' title='bbox 389 964 532 1024; x_wconf 88' lang='lat' dir='ltr'><strong>erat</strong></span> <span class='ocrx_word' id='word_1_39' title='bbox 577 997 683 1009; x_wconf 89' lang='lat'><strong>-—</strong></span> <span class='ocrx_word' id='word_1_40' title='bbox 734 948 1091 1049; x_wconf 79' lang='lat' dir='ltr'><strong>quidnam?</strong></span> <span class='ocrx_word' id='word_1_41' title='bbox 1153 963 1228 1026; x_wconf 92' lang='lat' dir='ltr'><strong>ut</strong></span> <span class='ocrx_word' id='word_1_42' title='bbox 1278 957 1578 1027; x_wconf 82' lang='lat' dir='ltr'><strong>venirent</strong></span> <span class='ocrx_word' id='word_1_43' title='bbox 1621 950 1972 1027; x_wconf 81' lang='lat' dir='ltr'><strong>Theram?</strong></span> <span class='ocrx_word' id='word_1_44' title='bbox 2071 954 2254 1028; x_wconf 88' lang='lat' dir='ltr'><strong>Sane</strong></span> <span class='ocrx_word' id='word_1_45' title='bbox 2306 957 2614 1053; x_wconf 81' lang='lat' dir='ltr'><strong>quidem:-</strong></span> 
     </span>
     <span class='ocr_line' id='line_1_7' title="bbox 385 1054 2606 1153; baseline 0.004 -31"><span class='ocrx_word' id='word_1_46' title='bbox 385 1062 458 1124; x_wconf 86' lang='lat' dir='ltr'><strong>at</strong></span> <span class='ocrx_word' id='word_1_47' title='bbox 506 1078 637 1126; x_wconf 90' lang='lat' dir='ltr'><strong>nou</strong></span> <span class='ocrx_word' id='word_1_48' title='bbox 690 1054 772 1127; x_wconf 91' lang='lat' dir='ltr'><strong>de</strong></span> <span class='ocrx_word' id='word_1_49' title='bbox 822 1055 1080 1147; x_wconf 84' lang='lat' dir='ltr'><strong>Thera,</strong></span> <span class='ocrx_word' id='word_1_50' title='bbox 1131 1055 1249 1130; x_wconf 82' lang='lat' dir='ltr'><strong>sed</strong></span> <span class='ocrx_word' id='word_1_51' title='bbox 1302 1056 1383 1127; x_wconf 92' lang='lat' dir='ltr'><strong>de</strong></span> <span class='ocrx_word' id='word_1_52' title='bbox 1418 1055 1694 1151; x_wconf 87' lang='lat' dir='ltr'><strong>Cyrenis</strong></span> <span class='ocrx_word' id='word_1_53' title='bbox 1744 1058 1987 1152; x_wconf 82' lang='lat' dir='ltr'><strong>agitur.</strong></span> <span class='ocrx_word' id='word_1_54' title='bbox 2088 1056 2324 1153; x_wconf 87' lang='lat' dir='ltr'><strong>Itaque</strong></span> <span class='ocrx_word' id='word_1_55' title='bbox 2377 1058 2606 1130; x_wconf 87' lang='lat' dir='ltr'><strong>dicen·-</strong></span> 
     </span>
     <span class='ocr_line' id='line_1_8' title="bbox 387 1153 2607 1252; baseline 0.002 -28"><span class='ocrx_word' id='word_1_56' title='bbox 387 1153 540 1226; x_wconf 92' lang='lat' dir='ltr'><strong>dum</strong></span> <span class='ocrx_word' id='word_1_57' title='bbox 592 1164 775 1227; x_wconf 83' lang='lat' dir='ltr'><strong>erat:</strong></span> <span class='ocrx_word' id='word_1_58' title='bbox 843 1157 960 1228; x_wconf 91' lang='lat' dir='ltr'><strong>sed</strong></span> <span class='ocrx_word' id='word_1_59' title='bbox 1009 1158 1079 1228; x_wconf 93' lang='lat' dir='ltr'><strong>in</strong></span> <span class='ocrx_word' id='word_1_60' title='bbox 1129 1156 1285 1229; x_wconf 86' lang='lat' dir='ltr'><strong>fatis</strong></span> <span class='ocrx_word' id='word_1_61' title='bbox 1336 1166 1503 1247; x_wconf 85' lang='lat' dir='ltr'><strong>erat,</strong></span> <span class='ocrx_word' id='word_1_62' title='bbox 1556 1166 1631 1228; x_wconf 98' lang='grc' dir='ltr'><strong>ιιι</strong></span> <span class='ocrx_word' id='word_1_63' title='bbox 1658 1156 1951 1252; x_wconf 84' lang='lat' dir='ltr'><strong>Cyrenas</strong></span> <span class='ocrx_word' id='word_1_64' title='bbox 1993 1158 2405 1230; x_wconf 90' lang='lat' dir='ltr'><strong>deferrentur</strong></span> <span class='ocrx_word' id='word_1_65' title='bbox 2433 1158 2607 1244; x_wconf 79' lang='lat' dir='ltr'><strong>Car-</strong></span> 
     </span>
     <span class='ocr_line' id='line_1_9' title="bbox 385 1259 2601 1356; baseline 0.003 -31"><span class='ocrx_word' id='word_1_66' title='bbox 385 1279 550 1328; x_wconf 71' lang='lat' dir='ltr'><strong>neaz</strong></span> <span class='ocrx_word' id='word_1_67' title='bbox 599 1266 955 1354; x_wconf 85' lang='lat' dir='ltr'><strong>propterea</strong></span> <span class='ocrx_word' id='word_1_68' title='bbox 983 1259 1151 1329; x_wconf 90' lang='lat' dir='ltr'><strong>enim</strong></span> <span class='ocrx_word' id='word_1_69' title='bbox 1180 1259 1474 1355; x_wconf 80' lang='lat' dir='ltr'><strong>Aegidas</strong></span> <span class='ocrx_word' id='word_1_70' title='bbox 1506 1259 1799 1330; x_wconf 87' lang='lat' dir='ltr'><strong>Theram</strong></span> <span class='ocrx_word' id='word_1_71' title='bbox 1834 1268 2059 1331; x_wconf 86' lang='lat' dir='ltr'><strong>tenere</strong></span> <span class='ocrx_word' id='word_1_72' title='bbox 2094 1260 2298 1332; x_wconf 81' lang='lat' dir='ltr'><strong>voluit</strong></span> <span class='ocrx_word' id='word_1_73' title='bbox 2323 1260 2601 1356; x_wconf 85' lang='lat' dir='ltr'><strong>Apollo,</strong></span> 
     </span>
     <span class='ocr_line' id='line_1_10' title="bbox 384 1358 2602 1457; baseline 0.004 -30"><span class='ocrx_word' id='word_1_74' title='bbox 384 1363 460 1428; x_wconf 93' lang='grc' dir='ltr'><strong>ιιι</strong></span> <span class='ocrx_word' id='word_1_75' title='bbox 520 1359 600 1428; x_wconf 90' lang='lat' dir='ltr'><strong>ab</strong></span> <span class='ocrx_word' id='word_1_76' title='bbox 652 1358 884 1430; x_wconf 82' lang='lat' dir='ltr'><strong>Thera</strong></span> <span class='ocrx_word' id='word_1_77' title='bbox 946 1359 1229 1456; x_wconf 81' lang='lat' dir='ltr'><strong>profecti</strong></span> <span class='ocrx_word' id='word_1_78' title='bbox 1294 1360 1520 1450; x_wconf 86' lang='lat' dir='ltr'><strong>coloni</strong></span> <span class='ocrx_word' id='word_1_79' title='bbox 1576 1384 1767 1431; x_wconf 88' lang='lat' dir='ltr'><strong>sacra</strong></span> <span class='ocrx_word' id='word_1_80' title='bbox 1829 1385 1948 1432; x_wconf 87' lang='lat' dir='ltr'><strong>sua</strong></span> <span class='ocrx_word' id='word_1_81' title='bbox 2000 1360 2259 1435; x_wconf 87' lang='lat' dir='ltr'><strong>Carnea</strong></span> <span class='ocrx_word' id='word_1_82' title='bbox 2310 1359 2602 1457; x_wconf 78' lang='lat' dir='ltr'><strong>Cyrenas</strong></span> 
     </span>
     <span class='ocr_line' id='line_1_11' title="bbox 342 1458 2601 1560; baseline 0.004 -31"><span class='ocrx_word' id='word_1_83' title='bbox 342 1537 358 1545; x_wconf 58' lang='grc'><strong><em>,</em></strong></span> <span class='ocrx_word' id='word_1_84' title='bbox 384 1458 718 1551; x_wconf 86' lang='lat' dir='ltr'><strong>afferrent,</strong></span> <span class='ocrx_word' id='word_1_85' title='bbox 772 1485 900 1556; x_wconf 88' lang='lat' dir='ltr'><strong>quo</strong></span> <span class='ocrx_word' id='word_1_86' title='bbox 956 1485 1143 1532; x_wconf 90' lang='lat' dir='ltr'><strong>omne</strong></span> <span class='ocrx_word' id='word_1_87' title='bbox 1176 1463 1335 1546; x_wconf 80' lang='lat' dir='ltr'><strong>,eius</strong></span> <span class='ocrx_word' id='word_1_88' title='bbox 1388 1463 1725 1535; x_wconf 90' lang='lat' dir='ltr'><strong>oraculum</strong></span> <span class='ocrx_word' id='word_1_89' title='bbox 1774 1486 1814 1533; x_wconf 92' lang='lat' dir='ltr'><strong>a</strong></span> <span class='ocrx_word' id='word_1_90' title='bbox 1862 1464 2190 1560; x_wconf 82' lang='lat' dir='ltr'><strong>principio</strong></span> <span class='ocrx_word' id='word_1_91' title='bbox 2242 1464 2601 1537; x_wconf 82' lang='lat' dir='ltr'><strong>tetendisse</strong></span> 
     </span>
     <span class='ocr_line' id='line_1_12' title="bbox 385 1560 2195 1657; baseline 0.002 -26"><span class='ocrx_word' id='word_1_92' title='bbox 385 1560 716 1657; x_wconf 84' lang='lat' dir='ltr'><strong>significat</strong></span> <span class='ocrx_word' id='word_1_93' title='bbox 764 1561 1119 1633; x_wconf 85' lang='lat' dir='ltr'><strong>Pindarus.</strong></span> <span class='ocrx_word' id='word_1_94' title='bbox 2190 1595 2195 1598; x_wconf 95' lang='lat'>·</span> 
     </span>
    </p>

    <p class='ocr_par' dir='ltr' id='par_1_5' title="bbox 378 1660 2601 2162">
     <span class='ocr_line' id='line_1_13' title="bbox 537 1660 2601 1763; baseline 0.003 -30.167"><span class='ocrx_word' id='word_1_95' title='bbox 537 1660 681 1733; x_wconf 90' lang='lat' dir='ltr'><strong>..V</strong></span> <span class='ocrx_word' id='word_1_96' title='bbox 729 1666 897 1738; x_wconf 87' lang='grc'><strong>103.</strong></span> <span class='ocrx_word' id='word_1_97' title='bbox 953 1662 1194 1759; x_wconf 90' lang='grc'><strong>(138.)</strong></span> <span class='ocrx_word' id='word_1_98' title='bbox 1245 1687 1389 1736; x_wconf 85' lang='lat' dir='ltr'><strong>mea</strong></span> <span class='ocrx_word' id='word_1_99' title='bbox 1441 1664 1766 1736; x_wconf 85' lang='lat' dir='ltr'><strong>sententia</strong></span> <span class='ocrx_word' id='word_1_100' title='bbox 1815 1690 2017 1738; x_wconf 86' lang='grc' dir='ltr'><strong><em>νεων</em></strong></span> <span class='ocrx_word' id='word_1_101' title='bbox 2049 1663 2270 1763; x_wconf 79' lang='grc' dir='ltr'>ἀοιδᾷ</span> <span class='ocrx_word' id='word_1_102' title='bbox 2323 1690 2452 1737; x_wconf 90' lang='lat' dir='ltr'><strong>non</strong></span> <span class='ocrx_word' id='word_1_103' title='bbox 2498 1674 2601 1740; x_wconf 90' lang='lat' dir='ltr'><strong>est</strong></span> 
     </span>
     <span class='ocr_line' id='line_1_14' title="bbox 383 1726 2597 1863; baseline 0.002 -30"><span class='ocrx_word' id='word_1_104' title='bbox 383 1762 465 1833; x_wconf 91' lang='lat' dir='ltr'><strong>de</strong></span> <span class='ocrx_word' id='word_1_105' title='bbox 518 1726 712 1835; x_wconf 84' lang='lat' dir='ltr'><strong>cantu</strong></span> <span class='ocrx_word' id='word_1_106' title='bbox 761 1773 1201 1837; x_wconf 88' lang='lat' dir='ltr'><strong>trecentorum</strong></span> <span class='ocrx_word' id='word_1_107' title='bbox 1249 1766 1577 1857; x_wconf 83' lang='lat' dir='ltr'><strong>iuvenum,</strong></span> <span class='ocrx_word' id='word_1_108' title='bbox 1634 1791 1798 1861; x_wconf 88' lang='lat' dir='ltr'><strong>quos</strong></span> <span class='ocrx_word' id='word_1_109' title='bbox 1830 1764 2132 1861; x_wconf 79' lang='lat' dir='ltr'><strong>Cyrenis,</strong></span> <span class='ocrx_word' id='word_1_110' title='bbox 2185 1778 2259 1840; x_wconf 89' lang='lat' dir='ltr'><strong>ut</strong></span> <span class='ocrx_word' id='word_1_111' title='bbox 2285 1766 2597 1863; x_wconf 86' lang='lat' dir='ltr'><strong>Spartae,</strong></span> 
     </span>
     <span class='ocr_line' id='line_1_15' title="bbox 383 1864 2599 1964; baseline 0.003 -29"><span class='ocrx_word' id='word_1_112' title='bbox 383 1864 697 1948; x_wconf 84' lang='lat' dir='ltr'><strong>credibile</strong></span> <span class='ocrx_word' id='word_1_113' title='bbox 748 1867 837 1937; x_wconf 86' lang='lat' dir='ltr'><strong>sit</strong></span> <span class='ocrx_word' id='word_1_114' title='bbox 886 1891 1111 1962; x_wconf 82' lang='lat' dir='ltr'><strong>regem</strong></span> <span class='ocrx_word' id='word_1_115' title='bbox 1160 1867 1505 1938; x_wconf 82' lang='lat' dir='ltr'><strong>comitatos</strong></span> <span class='ocrx_word' id='word_1_116' title='bbox 1558 1891 1732 1958; x_wconf 83' lang='lat' dir='ltr'><strong>esse,</strong></span> <span class='ocrx_word' id='word_1_117' title='bbox 1784 1867 2308 1964; x_wconf 86' lang='lat' dir='ltr'><strong>intelligendum,</strong></span> <span class='ocrx_word' id='word_1_118' title='bbox 2363 1870 2480 1941; x_wconf 88' lang='lat' dir='ltr'><strong>sed</strong></span> <span class='ocrx_word' id='word_1_119' title='bbox 2518 1870 2599 1941; x_wconf 91' lang='lat' dir='ltr'><strong>de</strong></span> 
     </span>
     <span class='ocr_line' id='line_1_16' title="bbox 380 1965 2599 2067; baseline 0.004 -32"><span class='ocrx_word' id='word_1_120' title='bbox 380 1965 569 2037; x_wconf 81' lang='lat' dir='ltr'><strong>chori</strong></span> <span class='ocrx_word' id='word_1_121' title='bbox 616 1967 746 2038; x_wconf 86' lang='lat' dir='ltr'><strong>hoc</strong></span> <span class='ocrx_word' id='word_1_122' title='bbox 795 1992 1054 2039; x_wconf 86' lang='lat' dir='ltr'><strong>carmen</strong></span> <span class='ocrx_word' id='word_1_123' title='bbox 1107 1968 1402 2039; x_wconf 84' lang='lat' dir='ltr'><strong>canentis</strong></span> <span class='ocrx_word' id='word_1_124' title='bbox 1458 1968 1748 2041; x_wconf 84' lang='lat' dir='ltr'><strong>vocibus.</strong></span> <span class='ocrx_word' id='word_1_125' title='bbox 1851 1967 1935 2039; x_wconf 93' lang='lat' dir='ltr'><strong>Id</strong></span> <span class='ocrx_word' id='word_1_126' title='bbox 1984 1977 2117 2042; x_wconf 87' lang='lat' dir='ltr'><strong>tam</strong></span> <span class='ocrx_word' id='word_1_127' title='bbox 2150 1972 2415 2067; x_wconf 85' lang='lat' dir='ltr'><strong>planum</strong></span> <span class='ocrx_word' id='word_1_128' title='bbox 2451 1996 2599 2044; x_wconf 87' lang='lat' dir='ltr'><strong>esse</strong></span> 
     </span>
     <span class='ocr_line' id='line_1_17' title="bbox 378 2069 2362 2162; baseline 0.003 -25"><span class='ocrx_word' id='word_1_129' title='bbox 378 2075 586 2162; x_wconf 86' lang='lat' dir='ltr'><strong>puto,</strong></span> <span class='ocrx_word' id='word_1_130' title='bbox 617 2080 692 2140; x_wconf 91' lang='lat' dir='ltr'><strong>ut</strong></span> <span class='ocrx_word' id='word_1_131' title='bbox 738 2069 1089 2140; x_wconf 83' lang='lat' dir='ltr'><strong>miraturus</strong></span> <span class='ocrx_word' id='word_1_132' title='bbox 1142 2070 1291 2161; x_wconf 82' lang='lat' dir='ltr'><strong>sim,</strong></span> <span class='ocrx_word' id='word_1_133' title='bbox 1344 2069 1404 2140; x_wconf 88' lang='lat' dir='ltr'><strong>si</strong></span> <span class='ocrx_word' id='word_1_134' title='bbox 1456 2071 1562 2141; x_wconf 91' lang='lat' dir='ltr'><strong>cui</strong></span> <span class='ocrx_word' id='word_1_135' title='bbox 1614 2094 1806 2142; x_wconf 88' lang='lat' dir='ltr'><strong>secus</strong></span> <span class='ocrx_word' id='word_1_136' title='bbox 1857 2070 2181 2142; x_wconf 83' lang='lat' dir='ltr'><strong>videatur.</strong></span> <span class='ocrx_word' id='word_1_137' title='bbox 2358 2093 2362 2097; x_wconf 51' lang='lat'>*</span> 
     </span>
    </p>

    <p class='ocr_par' dir='ltr' id='par_1_6' title="bbox 369 2164 2600 2973">
     <span class='ocr_line' id='line_1_18' title="bbox 577 2164 2600 2291; baseline 0.003 -51"><span class='ocrx_word' id='word_1_138' title='bbox 577 2167 673 2240; x_wconf 85' lang='lat' dir='ltr'><strong>V.</strong></span> <span class='ocrx_word' id='word_1_139' title='bbox 731 2173 900 2244; x_wconf 87' lang='grc'><strong>108.</strong></span> <span class='ocrx_word' id='word_1_140' title='bbox 957 2171 1200 2267; x_wconf 87' lang='grc'><strong>(145.)</strong></span> <span class='ocrx_word' id='word_1_141' title='bbox 1267 2164 1665 2271; x_wconf 76' lang='grc' dir='ltr'><strong><em>λεγόμενον</em></strong></span> <span class='ocrx_word' id='word_1_142' title='bbox 1712 2169 1890 2265; x_wconf 77' lang='grc' dir='ltr'><strong><em>ἐρέω</em></strong></span> <span class='ocrx_word' id='word_1_143' title='bbox 1954 2197 2085 2243; x_wconf 89' lang='grc' dir='ltr'>ιιοιι</span> <span class='ocrx_word' id='word_1_144' title='bbox 2138 2180 2242 2244; x_wconf 89' lang='lat' dir='ltr'><strong>est</strong></span> <span class='ocrx_word' id='word_1_145' title='bbox 2291 2197 2531 2291; x_wconf 46' lang='lat' dir='ltr'><strong>quae·</strong></span> <span class='ocrx_word' id='word_1_146' title='bbox 2545 2198 2600 2247; x_wconf 81' lang='lat' dir='ltr'><em>a</em></span> 
     </span>
     <span class='ocr_line' id='line_1_19' title="bbox 369 2268 2600 2367; baseline 0.002 -26"><span class='ocrx_word' id='word_1_147' title='bbox 369 2268 885 2367; x_wconf 72' lang='lat' dir='ltr'><strong>prudentibus</strong></span> <span class='ocrx_word' id='word_1_148' title='bbox 934 2270 1330 2361; x_wconf 53' lang='lat' dir='ltr'><strong>(sternetur,</strong></span> <span class='ocrx_word' id='word_1_149' title='bbox 1385 2272 1501 2342; x_wconf 87' lang='lat' dir='ltr'><strong>scd</strong></span> <span class='ocrx_word' id='word_1_150' title='bbox 1535 2273 1730 2344; x_wconf 80' lang='lat' dir='ltr'><em>trita</em></span> <span class='ocrx_word' id='word_1_151' title='bbox 1763 2271 1959 2343; x_wconf 66' lang='lat' dir='ltr'><strong>(bico.</strong></span> <span class='ocrx_word' id='word_1_152' title='bbox 2060 2272 2380 2346; x_wconf 88' lang='lat' dir='ltr'><strong>Refertnr</strong></span> <span class='ocrx_word' id='word_1_153' title='bbox 2428 2275 2600 2345; x_wconf 86' lang='lat' dir='ltr'><strong>enim</strong></span> 
     </span>
     <span class='ocr_line' id='line_1_20' title="bbox 378 2371 2598 2467; baseline 0.002 -26"><span class='ocrx_word' id='word_1_154' title='bbox 378 2371 462 2441; x_wconf 91' lang='lat' dir='ltr'><strong>ad</strong></span> <span class='ocrx_word' id='word_1_155' title='bbox 513 2395 598 2442; x_wconf 90' lang='lat' dir='ltr'><strong>ea</strong></span> <span class='ocrx_word' id='word_1_156' title='bbox 644 2396 808 2467; x_wconf 80' lang='lat' dir='ltr'><strong>quae</strong></span> <span class='ocrx_word' id='word_1_157' title='bbox 862 2380 1245 2467; x_wconf 87' lang='lat' dir='ltr'><strong>sequuntur,</strong></span> <span class='ocrx_word' id='word_1_158' title='bbox 1301 2396 1466 2467; x_wconf 88' lang='lat' dir='ltr'><strong>quae</strong></span> <span class='ocrx_word' id='word_1_159' title='bbox 1502 2374 1797 2467; x_wconf 83' lang='lat' dir='ltr'><strong>vulgaris</strong></span> <span class='ocrx_word' id='word_1_160' title='bbox 1849 2373 2168 2445; x_wconf 90' lang='lat' dir='ltr'><strong>sermonis</strong></span> <span class='ocrx_word' id='word_1_161' title='bbox 2219 2382 2395 2464; x_wconf 90' lang='lat' dir='ltr'><strong>sunt,</strong></span> <span class='ocrx_word' id='word_1_162' title='bbox 2449 2399 2598 2446; x_wconf 88' lang='lat' dir='ltr'><strong>esse</strong></span> 
     </span>
     <span class='ocr_line' id='line_1_21' title="bbox 377 2470 2600 2567; baseline 0.002 -26"><span class='ocrx_word' id='word_1_163' title='bbox 377 2474 661 2567; x_wconf 89' lang='lat' dir='ltr'><strong>aliquem</strong></span> <span class='ocrx_word' id='word_1_164' title='bbox 709 2470 1073 2565; x_wconf 76' lang='grc' dir='ltr'><strong><em>κρέσσονα</em></strong></span> <span class='ocrx_word' id='word_1_165' title='bbox 1124 2471 1428 2552; x_wconf 76' lang='grc' dir='ltr'>ἁλικίας.</span> <span class='ocrx_word' id='word_1_166' title='bbox 1531 2470 1861 2544; x_wconf 85' lang='lat' dir='ltr'><strong>Similiter</strong></span> <span class='ocrx_word' id='word_1_167' title='bbox 1909 2471 2164 2547; x_wconf 85' lang='grc' dir='ltr'><strong><em>κοινὸν</em></strong></span> <span class='ocrx_word' id='word_1_168' title='bbox 2208 2473 2377 2555; x_wconf 69' lang='grc' dir='ltr'><strong><em>ἔπος</em></strong></span> <span class='ocrx_word' id='word_1_169' title='bbox 2428 2475 2600 2546; x_wconf 83' lang='lat' dir='ltr'><strong>dixit</strong></span> 
     </span>
     <span class='ocr_line' id='line_1_22' title="bbox 374 2572 2599 2668; baseline 0.002 -25"><span class='ocrx_word' id='word_1_170' title='bbox 374 2573 577 2668; x_wconf 82' lang='lat' dir='ltr'><strong>Pyth.</strong></span> <span class='ocrx_word' id='word_1_171' title='bbox 607 2572 750 2644; x_wconf 89' lang='lat' dir='ltr'><strong>III.</strong></span> <span class='ocrx_word' id='word_1_172' title='bbox 800 2574 1019 2645; x_wconf 87' lang='lat' dir='ltr'><strong>initio.</strong></span> <span class='ocrx_word' id='word_1_173' title='bbox 1119 2573 1439 2645; x_wconf 86' lang='lat' dir='ltr'><strong>Proxima</strong></span> <span class='ocrx_word' id='word_1_174' title='bbox 1488 2575 1659 2645; x_wconf 89' lang='lat' dir='ltr'><strong>male</strong></span> <span class='ocrx_word' id='word_1_175' title='bbox 1701 2574 2009 2646; x_wconf 89' lang='lat' dir='ltr'><strong>distincta</strong></span> <span class='ocrx_word' id='word_1_176' title='bbox 2046 2577 2229 2646; x_wconf 89' lang='lat' dir='ltr'><strong>sunt.</strong></span> <span class='ocrx_word' id='word_1_177' title='bbox 2333 2574 2599 2649; x_wconf 82' lang='lat' dir='ltr'><strong>Cohae-</strong></span> 
     </span>
     <span class='ocr_line' id='line_1_23' title="bbox 374 2669 2597 2776; baseline 0.002 -31"><span class='ocrx_word' id='word_1_178' title='bbox 374 2682 525 2745; x_wconf 87' lang='lat' dir='ltr'><strong>rent</strong></span> <span class='ocrx_word' id='word_1_179' title='bbox 573 2671 775 2748; x_wconf 86' lang='lat' dir='ltr'><strong>haec.</strong></span> <span class='ocrx_word' id='word_1_180' title='bbox 843 2674 1203 2768; x_wconf 76' lang='grc' dir='ltr'><strong><em>κρέσσονα</em></strong></span> <span class='ocrx_word' id='word_1_181' title='bbox 1252 2670 1394 2769; x_wconf 77' lang='grc' dir='ltr'><strong><em>μὲν</em></strong></span> <span class='ocrx_word' id='word_1_182' title='bbox 1435 2672 1720 2756; x_wconf 76' lang='grc' dir='ltr'>ἁλικίας</span> <span class='ocrx_word' id='word_1_183' title='bbox 1747 2669 1930 2748; x_wconf 89' lang='grc' dir='ltr'><strong><em>νόον</em></strong></span> <span class='ocrx_word' id='word_1_184' title='bbox 1962 2674 2315 2771; x_wconf 78' lang='grc' dir='ltr'>φέρβεται</span> <span class='ocrx_word' id='word_1_185' title='bbox 2355 2683 2597 2776; x_wconf 73' lang='grc' dir='ltr'><strong>γλώσ-</strong></span> 
     </span>
     <span class='ocr_line' id='line_1_24' title="bbox 371 2771 2596 2891; baseline 0.001 -43"><span class='ocrx_word' id='word_1_186' title='bbox 371 2771 522 2849; x_wconf 81' lang='grc' dir='ltr'><strong><em>σάν</em></strong></span> <span class='ocrx_word' id='word_1_187' title='bbox 568 2803 667 2849; x_wconf 87' lang='grc' dir='ltr'><strong>τε.</strong></span> <span class='ocrx_word' id='word_1_188' title='bbox 770 2775 979 2871; x_wconf 86' lang='lat' dir='ltr'><strong>quue</strong></span> <span class='ocrx_word' id='word_1_189' title='bbox 1029 2802 1162 2848; x_wconf 91' lang='lat' dir='ltr'><strong>non</strong></span> <span class='ocrx_word' id='word_1_190' title='bbox 1213 2777 1425 2847; x_wconf 91' lang='lat' dir='ltr'><strong>solum</strong></span> <span class='ocrx_word' id='word_1_191' title='bbox 1476 2777 1827 2867; x_wconf 82' lang='lat' dir='ltr'><strong>sententia,</strong></span> <span class='ocrx_word' id='word_1_192' title='bbox 1880 2801 2103 2891; x_wconf 86' lang='lat' dir='ltr'><strong>verum</strong></span> <span class='ocrx_word' id='word_1_193' title='bbox 2138 2780 2336 2849; x_wconf 78' lang='lat' dir='ltr'><strong>etiam</strong></span> <span class='ocrx_word' id='word_1_194' title='bbox 2364 2803 2596 2851; x_wconf 75' lang='lat' dir='ltr'><strong>nume-</strong></span> 
     </span>
     <span class='ocr_line' id='line_1_25' title="bbox 372 2877 1921 2973; baseline -0.001 -24"><span class='ocrx_word' id='word_1_195' title='bbox 372 2879 467 2949; x_wconf 84' lang='lat' dir='ltr'><strong>ris</strong></span> <span class='ocrx_word' id='word_1_196' title='bbox 518 2878 977 2949; x_wconf 87' lang='lat' dir='ltr'><strong>confirmatur.</strong></span> <span class='ocrx_word' id='word_1_197' title='bbox 1047 2878 1126 2949; x_wconf 89' lang='lat' dir='ltr'><strong>de</strong></span> <span class='ocrx_word' id='word_1_198' title='bbox 1181 2878 1412 2973; x_wconf 85' lang='lat' dir='ltr'><strong>quibus</strong></span> <span class='ocrx_word' id='word_1_199' title='bbox 1461 2902 1635 2949; x_wconf 90' lang='lat' dir='ltr'><strong>nunc</strong></span> <span class='ocrx_word' id='word_1_200' title='bbox 1687 2877 1921 2949; x_wconf 86' lang='lat' dir='ltr'><strong>dicam.</strong></span> 
     </span>
    </p>

    <p class='ocr_par' dir='ltr' id='par_1_7' title="bbox 367 2978 2595 3276">
     <span class='ocr_line' id='line_1_26' title="bbox 573 2978 2591 3077; baseline 0.001 -26"><span class='ocrx_word' id='word_1_201' title='bbox 573 2979 744 3051; x_wconf 91' lang='lat' dir='ltr'><strong>Nam</strong></span> <span class='ocrx_word' id='word_1_202' title='bbox 809 2978 1235 3050; x_wconf 87' lang='lat' dir='ltr'><strong>difficillimus</strong></span> <span class='ocrx_word' id='word_1_203' title='bbox 1298 2980 1487 3050; x_wconf 92' lang='lat' dir='ltr'><strong>locus</strong></span> <span class='ocrx_word' id='word_1_204' title='bbox 1552 2988 1657 3051; x_wconf 85' lang='lat' dir='ltr'><strong>est</strong></span> <span class='ocrx_word' id='word_1_205' title='bbox 1728 3004 1791 3049; x_wconf 88' lang='lat' dir='ltr'><strong>v.</strong></span> <span class='ocrx_word' id='word_1_206' title='bbox 1842 2980 1968 3054; x_wconf 79' lang='grc'><strong>98.</strong></span> <span class='ocrx_word' id='word_1_207' title='bbox 2023 2981 2268 3075; x_wconf 86' lang='grc'><strong>(132.)</strong></span> <span class='ocrx_word' id='word_1_208' title='bbox 2339 2981 2410 3052; x_wconf 87' lang='lat' dir='ltr'><strong>in</strong></span> <span class='ocrx_word' id='word_1_209' title='bbox 2462 3006 2591 3077; x_wconf 87' lang='lat' dir='ltr'><strong>quo</strong></span> 
     </span>
     <span class='ocr_line' id='line_1_27' title="bbox 371 3076 2595 3207; baseline 0.002 -56"><span class='ocrx_word' id='word_1_210' title='bbox 371 3105 568 3176; x_wconf 86' lang='lat' dir='ltr'><strong>quum</strong></span> <span class='ocrx_word' id='word_1_211' title='bbox 617 3079 772 3151; x_wconf 88' lang='lat' dir='ltr'><strong>libri</strong></span> <span class='ocrx_word' id='word_1_212' title='bbox 812 3081 951 3150; x_wconf 86' lang='lat' dir='ltr'><strong>fere</strong></span> <span class='ocrx_word' id='word_1_213' title='bbox 995 3080 1275 3151; x_wconf 78' lang='lat' dir='ltr'><strong>habeant</strong></span> <span class='ocrx_word' id='word_1_214' title='bbox 1322 3076 1656 3207; x_wconf 75' lang='grc' dir='ltr'><strong><em>μεγάλαν</em></strong></span> <span class='ocrx_word' id='word_1_215' title='bbox 1705 3078 1777 3153; x_wconf 92' lang='grc' dir='ltr'><strong><em>δ</em></strong></span> <span class='ocrx_word' id='word_1_216' title='bbox 1796 3077 2091 3206; x_wconf 77' lang='grc' dir='ltr'><strong><em>ἀρετὰν</em></strong></span> <span class='ocrx_word' id='word_1_217' title='bbox 2120 3077 2370 3207; x_wconf 87' lang='grc' dir='ltr'><strong><em>δρόσῳ</em></strong></span> <span class='ocrx_word' id='word_1_218' title='bbox 2402 3090 2595 3177; x_wconf 84' lang='grc' dir='ltr'><strong><em>μαλ-</em></strong></span> 
     </span>
     <span class='ocr_line' id='line_1_28' title="bbox 367 3175 2592 3278; baseline 0.001 -24"><span class='ocrx_word' id='word_1_219' title='bbox 367 3184 582 3278; x_wconf 74' lang='grc' dir='ltr'><strong><em>θακᾷ</em></strong></span> <span class='ocrx_word' id='word_1_220' title='bbox 634 3182 1045 3276; x_wconf 76' lang='grc' dir='ltr'><strong><em>ῥανθεῖσαν</em></strong></span> <span class='ocrx_word' id='word_1_221' title='bbox 1091 3207 1371 3273; x_wconf 68' lang='grc' dir='ltr'><strong><em>κωμίον</em></strong></span> <span class='ocrx_word' id='word_1_222' title='bbox 1409 3180 1496 3252; x_wconf 73' lang='grc' dir='ltr'><em>θ</em></span> <span class='ocrx_word' id='word_1_223' title='bbox 1541 3175 2050 3275; x_wconf 80' lang='grc' dir='ltr'><strong><em>ὑποχεύμασιν</em></strong></span> <span class='ocrx_word' id='word_1_224' title='bbox 2087 3176 2439 3256; x_wconf 76' lang='grc' dir='ltr'><strong><em>ἀκούοντί</em></strong></span> <span class='ocrx_word' id='word_1_225' title='bbox 2465 3211 2592 3256; x_wconf 85' lang='grc' dir='ltr'><strong>ποι</strong></span> 
     </span>
    </p>
   </div>
   <div class='ocr_carea' id='block_1_5' title="bbox 221 3279 2820 3511">
    <p class='ocr_par' dir='ltr' id='par_1_8' title="bbox 221 3279 2820 3485">
     <span class='ocr_line' id='line_1_29' title="bbox 221 3279 2591 3378; baseline -0 -22"><span class='ocrx_word' id='word_1_226' title='bbox 221 3353 233 3374; x_wconf 75' lang='grc'>,</span> <span class='ocrx_word' id='word_1_227' title='bbox 367 3280 651 3378; x_wconf 77' lang='grc' dir='ltr'><strong><em>χθονία</em></strong></span> <span class='ocrx_word' id='word_1_228' title='bbox 702 3309 921 3378; x_wconf 82' lang='grc' dir='ltr'><strong><em>φρενι</em></strong></span> <span class='ocrx_word' id='word_1_229' title='bbox 970 3280 1169 3378; x_wconf 84' lang='grc' dir='ltr'><strong><em>σφὸν</em></strong></span> <span class='ocrx_word' id='word_1_230' title='bbox 1219 3282 1447 3377; x_wconf 80' lang='grc' dir='ltr'><strong><em>ὄλβον</em></strong></span> <span class='ocrx_word' id='word_1_231' title='bbox 1496 3281 1639 3377; x_wconf 81' lang='grc' dir='ltr'><strong>υἱῳ</strong></span> <span class='ocrx_word' id='word_1_232' title='bbox 1691 3311 1769 3354; x_wconf 86' lang='grc' dir='ltr'><strong>τε</strong></span> <span class='ocrx_word' id='word_1_233' title='bbox 1817 3279 2082 3356; x_wconf 83' lang='grc' dir='ltr'><strong><em>κοινὰν</em></strong></span> <span class='ocrx_word' id='word_1_234' title='bbox 2122 3309 2351 3375; x_wconf 86' lang='grc' dir='ltr'><strong><em>χαριν</em></strong></span> <span class='ocrx_word' id='word_1_235' title='bbox 2392 3281 2591 3357; x_wconf 72' lang='grc' dir='ltr'>ἐνδι-</span> 
     </span>
     <span class='ocr_line' id='line_1_30' title="bbox 369 3380 2820 3511; baseline 0.001 -54"><span class='ocrx_word' id='word_1_236' title='bbox 369 3380 508 3460; x_wconf 78' lang='grc' dir='ltr'><strong><em>κόν</em></strong></span> <span class='ocrx_word' id='word_1_237' title='bbox 557 3385 624 3457; x_wconf 71' lang='grc' dir='ltr'><strong>τ’</strong></span> <span class='ocrx_word' id='word_1_238' title='bbox 670 3381 1072 3479; x_wconf 81' lang='grc' dir='ltr'><strong><em>Ἀρκεσίλα,</em></strong></span> <span class='ocrx_word' id='word_1_239' title='bbox 1125 3384 1193 3454; x_wconf 92' lang='lat' dir='ltr'><strong>in</strong></span> <span class='ocrx_word' id='word_1_240' title='bbox 1246 3383 1627 3478; x_wconf 87' lang='lat' dir='ltr'><strong>quibusdam</strong></span> <span class='ocrx_word' id='word_1_241' title='bbox 1681 3392 1784 3455; x_wconf 87' lang='lat' dir='ltr'><strong>est</strong></span> <span class='ocrx_word' id='word_1_242' title='bbox 1831 3389 2163 3511; x_wconf 74' lang='grc' dir='ltr'><strong><em>μεγαλᾶν</em></strong></span> <span class='ocrx_word' id='word_1_243' title='bbox 2195 3381 2267 3456; x_wconf 68' lang='grc' dir='ltr'><strong>δ’</strong></span> <span class='ocrx_word' id='word_1_244' title='bbox 2315 3383 2591 3481; x_wconf 75' lang='grc' dir='ltr'><strong><em>ἀρετᾶν</em></strong></span> <span class='ocrx_word' id='word_1_245' title='bbox 2672 3395 2683 3410; x_wconf 91' lang='grc'><strong>“</strong></span> <span class='ocrx_word' id='word_1_246' title='bbox 2815 3387 2820 3404; x_wconf 76' lang='grc'><strong>’</strong></span> 
     </span>
    </p>
   </div>
   <div class='ocr_carea' id='block_1_6' title="bbox 325 3485 2595 4496">
    <p class='ocr_par' dir='ltr' id='par_1_9' title="bbox 325 3485 2595 4496">
     <span class='ocr_line' id='line_1_31' title="bbox 372 3485 2587 3580; baseline 0.001 -23"><span class='ocrx_word' id='word_1_247' title='bbox 372 3494 440 3557; x_wconf 86' lang='lat' dir='ltr'><strong>et</strong></span> <span class='ocrx_word' id='word_1_248' title='bbox 489 3487 938 3580; x_wconf 74' lang='grc' dir='ltr'><strong><em>ρανθεισᾶν,</em></strong></span> <span class='ocrx_word' id='word_1_249' title='bbox 1003 3487 1074 3556; x_wconf 94' lang='lat' dir='ltr'><strong>in</strong></span> <span class='ocrx_word' id='word_1_250' title='bbox 1140 3485 1390 3557; x_wconf 92' lang='lat' dir='ltr'><strong>duobus</strong></span> <span class='ocrx_word' id='word_1_251' title='bbox 1457 3485 1763 3556; x_wconf 86' lang='lat' dir='ltr'><strong>omissum</strong></span> <span class='ocrx_word' id='word_1_252' title='bbox 1816 3485 1937 3573; x_wconf 73' lang='grc' dir='ltr'><strong>θ’,</strong></span> <span class='ocrx_word' id='word_1_253' title='bbox 2013 3486 2082 3556; x_wconf 93' lang='lat' dir='ltr'><strong>iu</strong></span> <span class='ocrx_word' id='word_1_254' title='bbox 2133 3485 2283 3560; x_wconf 86' lang='lat' dir='ltr'><strong>aliis</strong></span> <span class='ocrx_word' id='word_1_255' title='bbox 2334 3486 2587 3560; x_wconf 83' lang='lat' dir='ltr'><strong>duobus</strong></span> 
     </span>
     <span class='ocr_line' id='line_1_32' title="bbox 367 3577 2583 3704; baseline -0 -44"><span class='ocrx_word' id='word_1_256' title='bbox 367 3584 515 3661; x_wconf 83' lang='grc' dir='ltr'><strong>υπὸ</strong></span> <span class='ocrx_word' id='word_1_257' title='bbox 558 3583 947 3704; x_wconf 82' lang='grc' dir='ltr'><strong><em>χεύμασιν.</em></strong></span> <span class='ocrx_word' id='word_1_258' title='bbox 1047 3586 1239 3659; x_wconf 87' lang='lat' dir='ltr'><strong>Haec</strong></span> <span class='ocrx_word' id='word_1_259' title='bbox 1289 3610 1486 3682; x_wconf 89' lang='lat' dir='ltr'><strong>quum</strong></span> <span class='ocrx_word' id='word_1_260' title='bbox 1526 3596 1737 3658; x_wconf 89' lang='lat' dir='ltr'><strong>metro</strong></span> <span class='ocrx_word' id='word_1_261' title='bbox 1778 3577 2147 3683; x_wconf 82' lang='lat' dir='ltr'><strong>repugnare</strong></span> <span class='ocrx_word' id='word_1_262' title='bbox 2181 3586 2583 3681; x_wconf 83' lang='lat' dir='ltr'><strong>viderentur,</strong></span> 
     </span>
     <span class='ocr_line' id='line_1_33' title="bbox 365 3682 2585 3811; baseline 0.001 -50"><span class='ocrx_word' id='word_1_263' title='bbox 365 3713 497 3784; x_wconf 86' lang='lat' dir='ltr'><strong>ego</strong></span> <span class='ocrx_word' id='word_1_264' title='bbox 552 3690 709 3761; x_wconf 90' lang='lat' dir='ltr'><strong>olim</strong></span> <span class='ocrx_word' id='word_1_265' title='bbox 761 3690 1192 3779; x_wconf 86' lang='lat' dir='ltr'><strong>conieceram,</strong></span> <span class='ocrx_word' id='word_1_266' title='bbox 1258 3693 1590 3811; x_wconf 75' lang='grc' dir='ltr'><strong><em>μεγαλᾶν</em></strong></span> <span class='ocrx_word' id='word_1_267' title='bbox 1641 3686 1714 3761; x_wconf 79' lang='grc' dir='ltr'><strong>δ’</strong></span> <span class='ocrx_word' id='word_1_268' title='bbox 1776 3687 2050 3785; x_wconf 80' lang='grc' dir='ltr'><strong><em>ἀρετᾶν</em></strong></span> <span class='ocrx_word' id='word_1_269' title='bbox 2095 3682 2345 3783; x_wconf 82' lang='grc' dir='ltr'><strong><em>δρόσῳ</em></strong></span> <span class='ocrx_word' id='word_1_270' title='bbox 2393 3696 2585 3783; x_wconf 82' lang='grc' dir='ltr'><strong><em>μαλ-</em></strong></span> 
     </span>
     <span class='ocr_line' id='line_1_34' title="bbox 363 3783 2581 3887; baseline 0 -25"><span class='ocrx_word' id='word_1_271' title='bbox 363 3792 579 3887; x_wconf 75' lang='grc' dir='ltr'><strong>θακᾷ</strong></span> <span class='ocrx_word' id='word_1_272' title='bbox 630 3792 972 3884; x_wconf 75' lang='grc' dir='ltr'><strong><em>ῥανθεῖσι</em></strong></span> <span class='ocrx_word' id='word_1_273' title='bbox 1006 3783 1284 3883; x_wconf 69' lang='grc' dir='ltr'><strong><em>νωμων</em></strong></span> <span class='ocrx_word' id='word_1_274' title='bbox 1324 3788 1411 3861; x_wconf 73' lang='grc' dir='ltr'><strong>θ’</strong></span> <span class='ocrx_word' id='word_1_275' title='bbox 1461 3784 1993 3883; x_wconf 80' lang='grc' dir='ltr'><strong><em>ὑποχεύμασιν,</em></strong></span> <span class='ocrx_word' id='word_1_276' title='bbox 2042 3789 2426 3863; x_wconf 85' lang='lat' dir='ltr'><strong>Boeckbius</strong></span> <span class='ocrx_word' id='word_1_277' title='bbox 2459 3815 2581 3863; x_wconf 89' lang='lat' dir='ltr'><strong>au-</strong></span> 
     </span>
     <span class='ocr_line' id='line_1_35' title="bbox 366 3886 2581 4019; baseline 0.002 -56"><span class='ocrx_word' id='word_1_278' title='bbox 366 3886 500 3963; x_wconf 86' lang='lat' dir='ltr'><strong>tem</strong></span> <span class='ocrx_word' id='word_1_279' title='bbox 553 3892 794 3963; x_wconf 87' lang='lat' dir='ltr'><strong>edidit.</strong></span> <span class='ocrx_word' id='word_1_280' title='bbox 874 3887 1161 4019; x_wconf 75' lang='grc' dir='ltr'><strong><em>μεγαλα</em></strong></span> <span class='ocrx_word' id='word_1_281' title='bbox 1223 3887 1297 3963; x_wconf 74' lang='grc' dir='ltr'><strong>δ’</strong></span> <span class='ocrx_word' id='word_1_282' title='bbox 1371 3889 1596 3987; x_wconf 81' lang='grc' dir='ltr'><strong><em>ἀρετὰ</em></strong></span> <span class='ocrx_word' id='word_1_283' title='bbox 1664 3886 1915 4018; x_wconf 87' lang='grc' dir='ltr'><strong><em>δρόσῳ</em></strong></span> <span class='ocrx_word' id='word_1_284' title='bbox 1975 3892 2335 3987; x_wconf 79' lang='grc' dir='ltr'><strong><em>μαλθακᾷ</em></strong></span> <span class='ocrx_word' id='word_1_285' title='bbox 2400 3896 2581 4003; x_wconf 70' lang='grc' dir='ltr'><strong><em>ραν-</em></strong></span> 
     </span>
     <span class='ocr_line' id='line_1_36' title="bbox 364 3987 2580 4087; baseline 0.001 -22"><span class='ocrx_word' id='word_1_286' title='bbox 364 3994 592 4066; x_wconf 77' lang='grc' dir='ltr'><strong><em>θεῖσα</em></strong></span> <span class='ocrx_word' id='word_1_287' title='bbox 640 3987 920 4086; x_wconf 76' lang='grc' dir='ltr'><strong><em>κώμων</em></strong></span> <span class='ocrx_word' id='word_1_288' title='bbox 966 3991 1057 4065; x_wconf 74' lang='grc' dir='ltr'><strong>θ’</strong></span> <span class='ocrx_word' id='word_1_289' title='bbox 1117 3988 1656 4087; x_wconf 79' lang='grc' dir='ltr'><strong><em>ὑποχεύμασιν·</em></strong></span> <span class='ocrx_word' id='word_1_290' title='bbox 1708 3989 2057 4066; x_wconf 80' lang='grc' dir='ltr'><strong><em>ακούοντί</em></strong></span> <span class='ocrx_word' id='word_1_291' title='bbox 2102 4020 2218 4065; x_wconf 87' lang='grc' dir='ltr'>τοι</span> <span class='ocrx_word' id='word_1_292' title='bbox 2244 4002 2375 4066; x_wconf 88' lang='lat' dir='ltr'><strong>etc.</strong></span> <span class='ocrx_word' id='word_1_293' title='bbox 2427 4019 2580 4067; x_wconf 81' lang='lat' dir='ltr'><strong>ver-</strong></span> 
     </span>
     <span class='ocr_line' id='line_1_37' title="bbox 364 4094 2595 4195; baseline 0 -28"><span class='ocrx_word' id='word_1_294' title='bbox 364 4095 612 4191; x_wconf 83' lang='lat' dir='ltr'><strong>titque=</strong></span> <span class='ocrx_word' id='word_1_295' title='bbox 690 4119 995 4193; x_wconf 75' lang='lat' dir='ltr'><strong>magua</strong></span> <span class='ocrx_word' id='word_1_296' title='bbox 1055 4105 1315 4167; x_wconf 79' lang='lat' dir='ltr'><strong>autem</strong></span> <span class='ocrx_word' id='word_1_297' title='bbox 1376 4094 1626 4167; x_wconf 72' lang='lat' dir='ltr'><strong>virtue</strong></span> <span class='ocrx_word' id='word_1_298' title='bbox 1686 4117 1871 4167; x_wconf 79' lang='lat' dir='ltr'><strong>rore</strong></span> <span class='ocrx_word' id='word_1_299' title='bbox 1917 4096 2132 4165; x_wconf 76' lang='lat' dir='ltr'><strong>molli</strong></span> <span class='ocrx_word' id='word_1_300' title='bbox 2163 4094 2595 4195; x_wconf 40' lang='lat' dir='ltr'><strong>perjunffi.</strong></span> 
     </span>
     <span class='ocr_line' id='line_1_38' title="bbox 325 4173 2577 4292; baseline -0 -23"><span class='ocrx_word' id='word_1_301' title='bbox 325 4206 498 4269; x_wconf 63' lang='lat' dir='ltr'><strong>”tur</strong></span> <span class='ocrx_word' id='word_1_302' title='bbox 548 4197 983 4270; x_wconf 77' lang='lat' dir='ltr'><strong>carminum</strong></span> <span class='ocrx_word' id='word_1_303' title='bbox 1032 4198 1238 4269; x_wconf 80' lang='lat' dir='ltr'><strong>mter</strong></span> <span class='ocrx_word' id='word_1_304' title='bbox 1287 4193 1567 4270; x_wconf 73' lang='lat' dir='ltr'><strong>undae.</strong></span> <span class='ocrx_word' id='word_1_305' title='bbox 1682 4196 1780 4267; x_wconf 90' lang='lat' dir='ltr'><strong>At</strong></span> <span class='ocrx_word' id='word_1_306' title='bbox 1838 4173 2202 4291; x_wconf 59' lang='grc' dir='ltr'><strong><em>ρανθεῖσα</em></strong></span> <span class='ocrx_word' id='word_1_307' title='bbox 2260 4220 2388 4268; x_wconf 88' lang='lat' dir='ltr'><strong>nec</strong></span> <span class='ocrx_word' id='word_1_308' title='bbox 2449 4221 2577 4292; x_wconf 80' lang='lat' dir='ltr'><strong>pro</strong></span> 
     </span>
     <span class='ocr_line' id='line_1_39' title="bbox 362 4293 2575 4395; baseline -0 -25"><span class='ocrx_word' id='word_1_309' title='bbox 362 4296 782 4393; x_wconf 80' lang='grc' dir='ltr'><strong><em>ραινομενη,</em></strong></span> <span class='ocrx_word' id='word_1_310' title='bbox 834 4299 1168 4393; x_wconf 83' lang='lat' dir='ltr'><strong>multoque</strong></span> <span class='ocrx_word' id='word_1_311' title='bbox 1219 4297 1431 4369; x_wconf 90' lang='lat' dir='ltr'><strong>minus</strong></span> <span class='ocrx_word' id='word_1_312' title='bbox 1481 4322 1606 4395; x_wconf 84' lang='lat' dir='ltr'><strong>pro</strong></span> <span class='ocrx_word' id='word_1_313' title='bbox 1656 4295 2115 4393; x_wconf 77' lang='grc' dir='ltr'><strong><em>ῥαινομένη</em></strong></span> <span class='ocrx_word' id='word_1_314' title='bbox 2083 4293 2237 4370; x_wconf 83' lang='grc' dir='ltr'><strong><em>εστί</em></strong></span> <span class='ocrx_word' id='word_1_315' title='bbox 2277 4298 2383 4368; x_wconf 78' lang='lat' dir='ltr'><strong>vel</strong></span> <span class='ocrx_word' id='word_1_316' title='bbox 2413 4294 2575 4392; x_wconf 80' lang='grc' dir='ltr'><strong><em>ῥαί-</em></strong></span> 
     </span>
     <span class='ocr_line' id='line_1_40' title="bbox 363 4396 2576 4496; baseline 0 -24"><span class='ocrx_word' id='word_1_317' title='bbox 363 4419 567 4472; x_wconf 88' lang='grc' dir='ltr'><strong><em>νεται</em></strong></span> <span class='ocrx_word' id='word_1_318' title='bbox 616 4399 747 4471; x_wconf 90' lang='lat' dir='ltr'><strong>dici</strong></span> <span class='ocrx_word' id='word_1_319' title='bbox 793 4399 1038 4495; x_wconf 83' lang='lat' dir='ltr'><strong>potuit.</strong></span> <span class='ocrx_word' id='word_1_320' title='bbox 1138 4396 1221 4472; x_wconf 84' lang='lat' dir='ltr'><strong>Si</strong></span> <span class='ocrx_word' id='word_1_321' title='bbox 1271 4399 1474 4472; x_wconf 75' lang='lat' dir='ltr'><strong>vellet</strong></span> <span class='ocrx_word' id='word_1_322' title='bbox 1520 4400 1695 4471; x_wconf 89' lang='lat' dir='ltr'><strong>tueri</strong></span> <span class='ocrx_word' id='word_1_323' title='bbox 1742 4400 1937 4472; x_wconf 81' lang='lat' dir='ltr'><strong>istam</strong></span> <span class='ocrx_word' id='word_1_324' title='bbox 1986 4401 2402 4496; x_wconf 81' lang='lat' dir='ltr'><strong>scripturam,</strong></span> <span class='ocrx_word' id='word_1_325' title='bbox 2452 4399 2576 4472; x_wconf 85' lang='lat' dir='ltr'><strong>de-</strong></span> 
     </span>
    </p>
   </div>
  </div>
 </body>
</html>
