3192 4992
643 352 731 420 66
780 408 789 429 ,
1240 352 1607 413 DEFENSIO
1651 351 2193 413 DISSERTATION
2194 353 2264 412 IS

644 521 706 594 is
757 520 1011 594 demum
1050 526 1348 593 nostrum
1389 519 1533 591 inre
1575 543 1696 591 suo
1736 515 2012 616 poterit,
2064 519 2177 616 qui
2203 516 2332 591 sibi
2360 541 2493 589 non
2526 539 2609 589 eo
2641 500 2870 606 modo,

648 648 775 720 quo
843 623 1017 694 inter
1065 621 1396 739 litteratos
1461 621 1775 712 decebat,
1855 620 2332 693 contradictum
2395 641 2543 691 esse
2595 616 2871 689 demon-

646 722 993 813 straverit,
1066 722 1127 794 si
1192 730 1412 795 tamen
1477 746 1644 819 opus
1708 729 1814 795 est
1878 721 2354 823 demonstrari,
2428 717 2603 816 quod
2652 719 2872 816 quivis

646 826 839 921 ‘quale
906 824 996 895 sit
1059 847 1146 895 ex
1212 823 1481 920 scriptis
1547 823 1888 920 utriusque
1951 812 2296 896 aestimare
2346 827 2596 918 potest.
2659 818 2868 910 Sed,

644 935 721 998 ιιι
770 925 981 997 dicam
1035 924 1208 1024 quod
1254 948 1364 996 res
1417 933 1556 1015 est,
1607 949 1734 1021 ego
1788 949 1984 1021 quum
2033 923 2302 996 maximi
2353 922 2588 994 faciam
2639 920 2870 993 valde-

646 1052 772 1124 que
824 1026 1109 1097 admirer
1158 1025 1523 1098 doctrinam
1570 1024 1902 1098 Boeckbii
1917 1077 1944 1117 ,
1994 1033 2212 1098 tamen
2263 1022 2344 1095 de
2392 1022 2870 1119 interpretandi

644 1137 938 1201 veterum
1000 1135 1415 1198 monumenta
1479 1127 1989 1223 emendandique
2052 1126 2310 1198 ratione
2376 1134 2575 1221 saepe
2626 1125 2706 1195 ab
2759 1147 2869 1215 eo,

642 1239 713 1302 et
761 1228 1046 1301 maxime
1099 1237 1233 1299 tum
1287 1227 1648 1318 dissentio,
1709 1252 1901 1324 quum
1955 1252 2103 1299 eum
2153 1227 2357 1299 semel
2408 1226 2488 1297 ab
2540 1244 2613 1298 se
2666 1225 2872 1316 dicta,

643 1330 843 1404 etiam
893 1329 952 1401 si
1004 1328 1270 1405 defendi
1318 1353 1449 1401 non
1499 1338 1803 1425 possunt,
1857 1328 2205 1401 defendere
2247 1327 2436 1400 video
2472 1326 2872 1425 pertinacis-

644 1432 835 1504 sime.
934 1429 1116 1502 Hine
1168 1429 1233 1501 ei
1299 1453 1386 1502 ex
1439 1430 1799 1527 cupiditate
1849 1430 2190 1503 iracundia
2254 1436 2323 1502 et
2371 1429 2619 1501 vicaria
2668 1452 2873 1524 argu-

643 1542 1011 1604 mentorum
1062 1530 1393 1604 convicia.
1493 1531 1752 1604 Bonam
1818 1532 1989 1604 enim
2062 1554 2361 1604 caussam
2411 1530 2608 1603 facile
2660 1554 2874 1625 aequo

643 1642 872 1706 tueare
925 1633 1168 1704 animo.
1267 1631 1490 1728 Igitur
1539 1658 1694 1730 ego,
1750 1634 2055 1730 quoniam
2096 1634 2164 1704 in
2201 1633 2314 1723 iis,
2369 1656 2535 1728 quae
2576 1628 2732 1703 de
2687 1658 2873 1704 υπο-

641 1734 832 1854 βολῇ
884 1735 1125 1831 scripsi
1172 1735 1245 1805 in
1296 1732 1555 1831 Opusc.
1607 1735 1744 1807 vol.
1797 1733 1894 1807 V·
1945 1759 2018 1833 ιι.
2072 1736 2223 1809 300
2274 1757 2459 1830 seqq.
2523 1732 2875 1805 refellendi

643 1836 867 1933 potius
921 1859 1113 1931 quam
1164 1836 1463 1907 veritatis
1515 1835 1734 1908 studio
1788 1836 1968 1908 visus
2020 1860 2164 1909 sum
2207 1834 2626 1926 dissensisse,
2677 1859 2875 1906 reco-

644 1952 967 2034 gnoscere
1024 1937 1172 2008 volo
1240 1960 1379 2008 eam
1432 1962 1614 2028 rem,
1678 1937 2098 2033 rationesque
2151 1936 2565 2035 expendere,
2638 1936 2876 2032 quibus

645 2062 831 2111 suam
874 2037 1258 2111 Boeckhius
1311 2037 1605 2111 defendit
1653 2039 2070 2111 sententiam.
2169 2038 2393 2109 Habet
2443 2048 2660 2110 autem
2709 2037 2877 2109 baec

647 2163 883 2212 caussa
928 2146 1154 2235 partes
1207 2139 1396 2232 duas,
1453 2165 1676 2231 unam,
1729 2164 1895 2237 quae
1948 2149 2053 2212 est
2100 2140 2172 2211 in
2223 2140 2669 2237 explicatione
2720 2162 2876 2210 ver-

644 2265 834 2314 suum
849 2290 876 2332 ,
957 2241 1029 2312 in
1096 2240 1333 2337 quibus
1392 2239 1727 2314 Homerus
1789 2237 2202 2338 ὑββάλλειν
2266 2241 2476 2329 dixit3
2571 2242 2875 2330 alteram,

646 2366 775 2467 qua
791 2341 1192 2540 bluaesitum
1255 2349 1359 2415 est
1423 2342 1578 2439 quid
1643 2344 1717 2416 in
1778 2343 2242 2417 certaminibus
2292 2366 2646 2439 puerorum
2697 2347 2882 2414 esset

642 2441 792 2519 ὑπο
851 2438 979 2538 ολή

646 2668 778 2742 qua
824 2645 890 2718 is
936 2645 1105 2716 iram
1155 2669 1229 2717 se
1281 2644 1614 2741 deponere
1667 2646 1985 2738 declarat,
2039 2646 2205 2720 haec
2254 2647 2419 2745 dicit
2469 2670 2511 2718 a
2551 2672 2617 2719 v.
2647 2649 2775 2720 74.

473 2838 483 2851 κ
597 2792 654 2866 4
901 2791 1003 2875 ὥς
1052 2792 1318 2890 ἔφαθ’·
1378 2794 1449 2866 οι
1498 2791 1577 2868 δ’
1636 2790 2011 2923 ἐχάρησαν
2059 2792 2489 2925 ἐϋκνήμιδες
2521 2793 2802 2893 Ἀχαιοὶ

795 2899 1026 2991 μῆνιν
1076 2890 1510 2978 ἀπειπόντος
1556 2892 2012 3019 μεγαθύμου
2066 2896 2510 2994 Πηλείωνος.

796 2999 991 3069 τοῖσι
1040 2992 1123 3069 δὲ
1172 2994 1298 3071 καὶ
1348 2995 1716 3090 μετέειπεν
1767 2997 1961 3083 ἄναξ
1997 2997 2304 3097 ἀνδρῶν
2340 3000 2423 3074 'A
2409 2997 2828 3129 ἴοιμέμνων

801 3091 1137 3183 αὐτόθεν
1182 3098 1262 3182 ἐξ
1308 3096 1546 3195 ε’δρης,
1601 3096 1769 3173 οὐδ’
1828 3102 1911 3175 ἐν
1958 3100 2341 3196 μέσσοισιν
2391 3028 2760 3184 αναστοίς·

904 3191 969 3272 ὦ
1020 3196 1246 3296 φίλοι,
1270 3198 1529 3329 ἥρωες
1579 3199 1893 3291 Δαναοί,
1943 3200 2402 3305 θεράποντες
2433 3203 2717 3304 Ἄρηος,

802 3296 1147 3382 ἑσταότος
1194 3297 1336 3394 μεν
1383 3300 1617 3376 καλὸν
1667 3298 1990 3393 ἀκούειν,
2043 3300 2217 3379 οὐδὲ
2267 3308 2500 3381 εὀικεν

801 3396 1245 3499 ὑββάλλειν·
1306 3403 1634 3496 χαλεπὸν
1682 3401 1856 3531 γάρ,
1909 3403 2398 3502 ἐπιστάμενόν
2445 3432 2580 3505 περ
2630 3401 2877 3480 ἐόντα.

689 3595 694 3605 Ι
805 3498 1115 3598 ἀνδρῶν
1164 3500 1241 3576 δ’
1298 3503 1379 3578 εν
1427 3511 1673 3602 πολλῷ
1726 3501 1990 3635 ὁμάδῳ
2042 3515 2198 3591 πῶς
2246 3508 2375 3584 κέν
2420 3536 2531 3591 τις
2566 3502 2881 3583 ἀκούσαι

804 3599 855 3699 ἢ
907 3605 1136 3692 εἴποις
1185 3601 1550 3703 βλάβεται
1602 3605 1684 3682 δε
1735 3603 1941 3736 λιγύς
1989 3636 2124 3707 περ
2177 3607 2322 3685 εών
2372 3607 2756 3738 ἀγορητής.

677 3766 683 3773 .
808 3701 1140 3800 Πηλείδῃ
1190 3704 1331 3801 μεν
1380 3707 1577 3808 ἐγών
1623 3707 2060 3838 ἐνδειξομαι,
2110 3710 2351 3840 αὐτὰρ
2403 3713 2475 3785 οι
2524 3712 2731 3786 ἄλλοι

808 3801 1188 3880 σύνθεσθ’
1230 3806 1570 3912 Αργεῖοι,
1620 3806 1884 3906 μῦθόν
1932 3810 2003 3885 τ’
2064 3807 2149 3887 εὗ
2194 3820 2436 3915 γνῶτε
2485 3813 2808 3896 εκαστος.

662 3956 847 4032 Τιιιιι
895 3958 1172 4076 exponit
1218 3958 1629 4057 Agamemno
1689 3964 1957 4061 longam
2019 3963 2204 4038 illam
2254 3965 2336 4037 de
2385 3966 2518 4045 Ate
2567 3966 2880 4038 fabulam.

664 4060 882 4135 Huius
943 4060 1150 4156 igitur
1199 4061 1332 4136 loci
1384 4087 1512 4159 ego
1572 4089 1721 4137 cnm
1771 4066 2057 4162 antiquis
2120 4067 2505 4163 quibusdam
2552 4069 2882 4165 interpre-

664 4163 841 4236 tibus
904 4160 1079 4233 ‘hanc
1143 4187 1290 4235 esse
1361 4165 1657 4238 dicebam
1722 4168 2154 4260 sententiam,
2236 4177 2542 4266 oportere
2621 4170 2882 4266 quidem
2935 4176 2943 4182 “

669 4271 949 4337 stantem
978 4263 1177 4334 verba
1204 4263 1448 4358 facere,
1482 4292 1605 4339 nec
1634 4267 1942 4341 decorum
1977 4293 2125 4342 esse
2154 4294 2513 4367 suggerere
2542 4271 2685 4363 alii,
2715 4294 2882 4367 qnae

516 4362 533 4377 '
669 4366 730 4437 is
779 4388 905 4462 pro
955 4376 1048 4437 se·
1078 4365 1352 4458 diceret,
1405 4369 1521 4440 sed
1573 4368 1645 4441 in
1694 4376 1880 4503 tanto
1929 4378 2147 4445 tamen
2187 4372 2524 4446 concionis
2573 4374 2882 4471 strepitu,

3165 2208 3172 2247 ι

838 2544 1178 2617 Homerus
1228 2545 1300 2617 in
1348 2543 1569 2617 ΧΙΧ.
1621 2543 1858 2619 Iliadis
1874 2597 1900 2637 ,
1951 2547 2166 2618 relata
2215 2545 2512 2618 oratione
2562 2543 2874 2636 Achillis,
