3192 4992
602 335 735 403 m
1146 346 1253 407 DE
1294 344 1788 408 HIPPGDROBIO
1831 340 2288 404 oLYMPIAce.

610 503 973 579 scribarum
1043 533 1272 585 errore
1334 513 1582 609 εὐρεῖα
1646 508 1930 613 γίνεται
1993 509 2282 607 positum
2351 530 2503 581 esse
2565 530 2696 604 pro
2759 531 2846 579 eo

613 606 787 701 quod
840 610 1061 687 scribi.
1090 612 1370 688 debebat
1406 615 1654 712 εὐρεῖα
1694 609 2099 715 γεγένηται.
2200 609 2417 683 Porro
2465 630 2660 705 qnam
2690 609 2847 706 ple-

611 707 801 801 rique
849 708 1150 787 fecerunt
1197 715 1471 789 formam
1523 716 1792 814 oppidi,
1863 714 1991 786 alis
2053 714 2125 784 in
2173 712 2488 807 angulum
2539 712 2846 783 coeunti-

602 806 759 911 -busj
812 833 947 883 non
996 812 1202 888 fuisse
1254 819 1451 890 talem
1501 820 1604 890 vel
1636 843 1717 889 eo
1751 815 2180 911 intelligitur,
2235 814 2407 910 qnod
2445 812 2839 904 Pausanias,

610 908 674 979 si
713 912 1025 1007 oppidum
1058 940 1206 989 cnm
1238 921 1502 1015 porticu
1534 918 1832 1015 Agnapti
1865 917 2154 1014 speciem
2182 915 2601 1011 praebuisset
2630 915 2842 986 uian-

609 1011 794 1103 guli,
857 1012 1230 1115 τρίγωνον
1280 1023 1502 1117 potius
1553 1020 1874 1109 dixisset,
1947 1041 2138 1115 quam
2191 1018 2641 1112 comparasset
2685 1016 2834 1103 cuni

608 1133 811 1205 prora
863 1119 1072 1190 navis.
1173 1119 1692 1194 Evidentissime
1744 1130 1959 1213 antem
2010 1144 2097 1191 ex
2147 1118 2259 1210 iis,
2315 1141 2484 1213 quae
2531 1117 2703 1189 libro
2733 1115 2832 1189 V.

614 1216 736 1303 15,
789 1216 864 1291 5.
917 1220 993 1295 6.
1046 1220 1245 1314 dicit,
1310 1225 1711 1319 intelligitur
1760 1247 1931 1294 novo
1996 1221 2298 1317 proiectu
2346 1219 2532 1291 illam
2585 1227 2838 1315 partem

610 1316 896 1389 aedificii
964 1345 1130 1416 qnae
1182 1334 1464 1396 rostrum
1518 1325 1876 1397 vocabatur
1923 1322 2386 1419 prominuisse.
2489 1316 2616 1394 Sic
2665 1321 2848 1391 enim,

611 1420 877 1509 scribit:
949 1423 1031 1496 ἐν
1083 1420 1166 1496 δὲ
1213 1433 1371 1500 τῶν
1418 1427 1669 1500 ἵππων
1716 1432 1806 1521 τῇ
1846 1422 2124 1522 ἀφέσει,
2178 1425 2262 1495 ἐν
2293 1418 2434 1515 μὲν
2467 1422 2581 1519 ’τῷ
2616 1419 2842 1494 ὑπαί-

607 1524 784 1616 θρῳ
847 1528 974 1617 τῆς
1042 1524 1372 1621 ἀφέσεως
1433 1526 1626 1601 κατὰ
1689 1528 1920 1619 μέσον
1968 1552 2116 1599 που
2177 1519 2500 1618 μάλιστα
2566 1527 2843 1595 Ποσει-

607 1619 849 1705 δῶνος
895 1623 1153 1700 ἱππίου
1204 1627 1330 1701 καὶ
1361 1628 1599 1725 ‘'Hpag
1649 1630 1836 1702 εἰσὶν
1885 1625 2141 1709 ἱππίας
2187 1624 2467 1721 βωμοί,
2521 1622 2708 1727 πρὸς
2755 1621 2841 1696 δὲ

607 1729 717 1818 τῷ
765 1722 962 1798 κίονι
1009 1726 1519 1823 Atos-notiorem,
1589 1738 1721 1824 τῆς
1784 1726 1867 1803 δὲ
1918 1726 2102 1822 πρὸς
2146 1725 2284 1801 τὸν
2332 1726 2658 1821 ἔμβολον
2703 1752 2843 1798 κα-

609 1823 967 1919 λουμένης
1015 1827 1272 1910 ἐςόδου
1321 1839 1411 1926 τῇ
1460 1830 1604 1926 μὲν
1635 1831 1907 1927 ’Ἀρεως
1952 1828 2251 1916 ἱππίου,
2316 1835 2407 1923 τῇ
2472 1824 2557 1901 δὲ
2610 1828 2843 1921 Ἀθη-

607 1930 748 2007 νᾶς
795 1925 1051 2010 ἱππίας
1097 1928 1378 2024 βωμός.
1481 1935 1555 2015 ἐς
1618 1930 1701 2005 δὲ
1765 1928 2001 2005 αὐτὸν
2064 1929 2199 2004 τὸν
2265 1930 2605 2025 ἔμβολον·
2653 1930 2842 2014 {gaze

607 2022 917 2102 θόντων
991 2026 1230 2126 Τύχης
1290 2032 1494 2107 ἐστὶν
1556 2033 1859 2133 ἀγαθῆς
1919 2031 2210 2129 βωμὸς
2242 2030 2370 2105 καὶ
2443 2025 2701 2112 Πανός
2760 2056 2841 2101 τε

605 2125 735 2200 καὶ
787 2127 1264 2228 Ἀφροδίτης,
1337 2131 1714 2209 ἐνδοτάτω
1779 2133 1863 2208 δὲ
1927 2142 2064 2208 τοῦ
2130 2129 2458 2229 ἐμβόλου
2505 2137 2842 2229 νυμφῶν

607 2227 698 2312 ἃς
747 2228 1083 2327 ἅκμηνὰς
1130 2243 1508 2313 καλοῦσιν.
1614 2237 1868 2309 Habuit
1916 2238 2125 2339 igitur
2158 2244 2445 2307 rostrum
2481 2258 2668 2305 suum
2711 2232 2841 2304 sibi

606 2333 947 2428 proprium
999 2337 1380 2430 introitum,
1449 2340 1705 2435 fuitque
1771 2338 1936 2411 satis
1989 2338 2314 2434 amplum,
2376 2337 2475 2407 ita
2541 2343 2615 2407 ut
2665 2334 2842 2405 haud

608 2434 855 2528 exiguo
920 2437 1271 2511 intervallo
1334 2444 1631 2537 separati
1702 2441 1985 2531 suerint,
2068 2439 2179 2535 qui
2247 2437 2538 2535 proximi
2601 2435 2686 2507 ab
2755 2460 2842 2508 eo

608 2543 798 2607 erant
847 2561 1176 2613 carceres.
1279 2543 1502 2637 Atque
1553 2544 1680 2614 hac
1729 2551 1918 2638 parte
1951 2542 2173 2612 verior
2206 2549 2310 2611 est
2346 2538 2623 2611 Folardi
2663 2538 2842 2610 alio·-

609 2637 762 2730 quin
818 2637 1101 2711 absurda
1153 2644 1381 2738 oppidi
1432 2645 1720 2739 pictura,
1776 2667 1967 2738 quam
2002 2667 2088 2714 ex
2120 2641 2554 2734 Bartbelemii
2582 2638 2840 2711 Itinere

606 2737 1085 2811 Anacharsidis
1136 2745 1241 2812 vel
1293 2746 1484 2838 pueri
1535 2745 1866 2839 cognitam
1899 2744 2164 2815 liabent.
2269 2743 2456 2833 Quae
2491 2741 2572 2812 ab
2615 2752 2838 2813 rostro

598 2838 752 2919 alae
805 2837 888 2909 ad
937 2840 1233 2938 Agnapti
1295 2846 1623 2940 porticum
1674 2846 2127 2941 pertinebant,
2201 2846 2317 2915 alii
2368 2844 2659 2941 paullum
2713 2868 2841 2915 ex-

608 2938 854 3031 terius,
921 2940 1186 3015 Hirtius
1250 2946 1528 3018 interius
1580 2957 1884 3019 curvatas
1935 2970 2085 3019 esse
2140 2948 2371 3018 voluit.
2473 2944 2661 3016 Nihil
2711 2946 2839 3041 ¹&st-

605 3042 891 3113 iusniodi
942 3046 1176 3117 scribit
1201 3044 1595 3138 Pausanias,
1648 3054 1724 3120 ut
1769 3057 1957 3120 recta
2007 3048 2416 3145 processisse
2470 3047 2838 3118 videantur.

810 3144 1270 3234 Quaerendum
1323 3174 1497 3223 nunc
1529 3159 1659 3242 est,
1713 3151 1826 3221 ubi
1871 3151 2066 3221 situm
2102 3150 2304 3221 fuerit
2332 3149 2668 3245 oppidum.
2754 3147 2840 3218 Id

608 3245 913 3340 quoniam
966 3247 1209 3320 dictum
1263 3274 1303 3320 a
1333 3250 1668 3324 Pausania
1718 3278 1850 3324 non
1901 3260 2029 3343 est,
2084 3252 2316 3345 colligi
2362 3252 2556 3322 debet
2599 3275 2682 3321 ex
2727 3268 2841 3320 ra-

609 3347 790 3418 tione
855 3373 982 3444 qua
1046 3351 1472 3424 mittebantur
1536 3356 1711 3450 equi.
1814 3352 2283 3425 Excurrebant
2346 3364 2565 3424 antem
2613 3353 2839 3448 primi,

610 3449 721 3542 qui
787 3451 1113 3546 utrimque
1178 3455 1655 3527 remotissimos
1723 3455 1814 3525 ab·
1868 3463 2087 3527 rostro
2141 3478 2440 3526 carceres
2492 3463 2838 3525 tenerent:
2897 3502 2908 3509 2

609 3550 720 3644 qui
774 3575 968 3645 quum
1020 3556 1360 3648 progressi
1414 3564 1637 3627 essent
1705 3556 1786 3628 ad
1839 3557 2288 3652 proximorum
2341 3556 2422 3627 ab
2445 3596 2452 3603 ·
2475 3579 2549 3627 se
2601 3557 2841 3626 statio-

473 3713 476 3717 .
598 3673 781 3741 nem,
833 3652 905 3723 hi
956 3655 1405 3746 mittebantur,
1460 3666 1530 3728 et
1580 3659 1681 3730 sic
1730 3658 2041 3755 deinceps
2093 3682 2344 3749 omnes,
2396 3665 2471 3729 ut
2501 3668 2837 3754 postremo

608 3761 760 3822 ante
810 3765 1093 3827 rostrum
1148 3783 1372 3828 omnes
1425 3767 1899 3855 aequarentur:
1948 3760 2142 3854 ‘quod
2195 3784 2325 3833 uon
2376 3769 2601 3856 potest
2645 3760 2838 3830 aliter

607 3854 937 3949 intelligi,
1021 3883 1213 3954 quam
1277 3860 1408 3931 ista
1459 3861 1763 3932 mittendi
1826 3863 2082 3947 ratione
2134 3862 2440 3933 effectum
2493 3886 2685 3953 esse,
2760 3867 2837 3930 ut

608 3952 891 4051 denique
941 3983 1166 4032 omnes
1217 3986 1348 4033 uno
1400 3962 1634 4034 ordine
1684 3963 1984 4055 iunctim,
2036 3963 2241 4035 veluti
2284 3964 2528 4035 milites
2558 3964 2629 4034 in
2665 3963 2833 4052 acie,

516 4056 527 4073 “
608 4057 1186 4154 conspicerentur,
1257 4064 1535 4160 ipsoque
1599 4066 1667 4135 in
1733 4063 1925 4136 initio
1996 4065 2378 4141 certationis
2430 4065 2651 4136 nullus
2703 4065 2844 4135 alio

609 4168 788 4231 esset
836 4163 1190 4257 posterior.
1310 4164 1672 4256 Quaerenti
1724 4190 1878 4257 eur,
1951 4166 2009 4238 si
2073 4167 2297 4240 cuncti
2359 4167 2553 4238 simul
2605 4165 2846 4261 prodi·-

608 4259 788 4351 bant,
844 4287 970 4333 non
1025 4265 1219 4338 etiam
1274 4291 1575 4339 carceres
1626 4291 1854 4339 omnes
1895 4269 2166 4340 iunctim
2206 4264 2531 4340 exstructi
2565 4268 2835 4355 fuerint,

563 4372 741 4442 7non
795 4365 987 4439 video
1040 4367 1197 4463 quid
1246 4369 1634 4466 responderi
1683 4371 1937 4467 possit,
1992 4370 2118 4442 nisi
2169 4370 2346 4443 forte
2390 4381 2666 4467 propter
2712 4392 2839 4466 pa·
2893 4456 2896 4461 ³
