3192 4992
645 349 733 415 so
1173 348 1181 355 ·
1248 347 1614 416 DEFssNsto
1658 344 2268 408 mssnnTAnoms
2382 300 2397 306 ’

647 516 897 592 tatione
948 514 1354 607 versabatur,
1406 537 1697 605 carmen,
1748 512 1923 610 quod
1973 512 2043 584 in
2092 511 2240 607 ipso
2292 505 2648 582 certamine
2690 503 2869 578 reci-

646 627 855 692 tasset
902 618 1257 713 magister,
1330 616 1715 712 repetiverit
1764 622 1832 686 et
1881 613 2110 689 eodem
2164 635 2291 707 quo
2342 611 2459 682 ille
2513 606 2705 680 modo
2756 630 2871 678 re-

645 718 973 792 citaverit.
1051 716 1218 790 Nam
1265 717 1366 789 sic
1409 716 1664 790 demum
1691 716 1809 787 ille
1838 741 1970 790 non
1998 710 2437 799 ἀποδοῦναι,
2489 709 2606 782 sed
2637 706 2871 783 ἀντα-

644 817 1011 904 ποδοὺναι
1071 815 1453 914 ὑποβολὴν
1515 818 1651 890 dici
1710 817 1950 915 potuit.
2065 815 2148 890 Id
2205 839 2359 887 vero
2422 812 2668 884 factum
2718 833 2868 884 esse

644 945 876 1019 parum
934 920 1076 993 veri
1127 920 1341 992 simile
1391 927 1520 991 est.
2266 983 2277 992 ,

846 1020 963 1095 Ex
1014 1022 1118 1093 bis
1170 1045 1335 1115 quae
1389 1020 1533 1092 dixi
1570 1044 1891 1118 apparere
1935 1019 2245 1108 arbitror,
2300 1016 2382 1088 de
2410 1014 2648 1105 tribus,
2701 1037 2868 1109 qnae

643 1123 1083 1198 demonstrari
1151 1122 1534 1218 oportebat,
1619 1122 1786 1194 illud
1850 1146 2051 1193 unum
2114 1118 2625 1191 demonstratum
2691 1139 2865 1207 esse,

648 1224 804 1321 quid
857 1226 947 1296 sit
994 1218 1365 1319 ὑποβολή,·
1423 1232 1687 1295 caetera
1737 1223 1907 1314 duo,
1962 1224 2239 1297 alteru-m
2290 1220 2485 1316 plane
2538 1242 2669 1289 non
2721 1240 2867 1289 esse

644 1326 1013 1423 probatum,
1067 1320 1573 1399 ἀνταπόδοσιν
1621 1323 1993 1420 ὑποβολῆς
2041 1332 2110 1396 et
2153 1325 2285 1394 non
2328 1315 2709 1415 ὑποβολὴν
2734 1317 2872 1392 ἀν-

645 1422 1114 1509 ταποδόσεως
1164 1426 1562 1521 significari3
1643 1428 1919 1498 alterum
1990 1427 2086 1497 ita
2150 1423 2533 1519 probatum,
2614 1430 2688 1492 ut
2739 1444 2871 1496 non

648 1528 864 1625 possit
928 1553 1061 1602 non
1122 1528 1554 1625 improbabile
1606 1528 1856 1619 videri,
1929 1520 2435 1599 ἀνταπόδοσιν
2498 1520 2873 1618 ὑποβολῆς
3004 1605 3009 1612 ἢ

647 1654 798 1702 esse
864 1630 1195 1727 specimen
1260 1630 1444 1700 iussu
1512 1629 1812 1726 magistri
1861 1628 2249 1700 exhibitum.
2351 1622 2521 1697 Nam
2571 1633 2875 1721 praeter-

650 1755 838 1857 quam
912 1731 1084 1827 quod
1151 1730 1473 1802 eiusmodi
1542 1733 1873 1827 specimen
1942 1754 2075 1802 non
2139 1722 2675 1813 ἀνταπόδοσις,
2755 1723 2875 1796 sed

650 1828 1010 1913 απόδοσις
1059 1829 1433 1929 ὑποβολῆς
1484 1832 1829 1904 dicendum
1880 1839 2063 1920 erat,
2119 1828 2274 1926 quid
2327 1836 2429 1900 est
2481 1852 2610 1924 quo
2661 1827 2742 1897 ab
2794 1850 2873 1900 eo

651 1934 911 2005 differat
962 1934 1249 2029 simplex
1297 1929 1631 2031 ὑποβολή
1646 1988 1672 2021 ,
1744 1956 1934 2031 quam
1986 1939 2283 2029 apertum
2334 1939 2439 2002 est
2489 1928 2668 2000 aliud
2721 1927 2877 2023 quid

631 2027 911 2108 inisse?
1012 2034 1226 2126 Quum
1278 2035 1450 2106 enim
1500 2060 1632 2107 non
1682 2034 2143 2131 magistrorum
2158 2083 2184 2124 ,
2236 2031 2354 2103 sed
2406 2031 2878 2128 discipulorum

649 2145 981 2209 certamen
1033 2129 1235 2227 esset,
1287 2131 1646 2232 ὑποβολή,
1700 2161 1866 2232 quae
1911 2145 2014 2207 est
2058 2133 2428 2230 propositio
2470 2131 2876 2229 speciminis,
2990 2191 2995 2202 ,

649 2238 721 2320 in
775 2237 1146 2309 exhibendo
1198 2239 1519 2334 imperato
1571 2238 1930 2334 specimine
1985 2236 2208 2308 debuit
2258 2236 2479 2331 posita
2528 2257 2720 2324 esse,
2772 2231 2879 2306 id-

651 2362 781 2434 que
846 2339 991 2435 ipse
1057 2338 1398 2434 professus
1464 2347 1567 2411 est
1617 2338 2040 2429 Nitzscbius‚
2124 2361 2347 2434 quum„
2383 2336 2670 2407 breviter
2731 2334 2877 2406 solo

649 2437 1023 2537 ὑποβολῆς
1081 2441 1398 2513 vocabulo
1452 2433 1848 2538 appellatam
1918 2440 2113 2514 dixit.
2229 2436 2401 2511 Erat
2452 2437 2754 2509 nimirum
2806 2459 2878 2508 re

539 2585 552 2595 ·
650 2542 802 2637 ipsa
850 2538 1206 2623 ἀπόδοσις
1252 2540 1649 2636 ὑποβολῆς.
1760 2541 1970 2637 Atqui
2019 2544 2088 2615 in
2140 2540 2367 2612 eadem
2412 2564 2483 2611 re
2526 2540 2749 2635 posita
2779 2544 2881 2609 est

653 2643 853 2714 etiam
903 2643 1048 2731 ina,
1103 2666 1295 2737 quam
1338 2642 1500 2714 dicit
1533 2638 2041 2715 ἀνταπόδοσιν
2072 2639 2463 2736 ὑποβολῆς.
2565 2639 2736 2718 Nam
2771 2637 2883 2709 ubi

651 2740 778 2815 illa
830 2764 995 2837 quae
1047 2764 1248 2836 supra
1294 2744 1491 2838 posui
1539 2742 1888 2818 Plutarchi
1939 2742 2136 2814 verba
2186 2744 2449 2833 attulit,
2514 2742 2596 2814 de
2646 2742 2731 2813 iis
2783 2740 2883 2814 sic

549 2909 556 2918 .
656 2843 924 2916 scribite
976 2839 1256 2938 &ffert
1302 2842 1612 2941 quidem
1653 2839 1751 2916 ab
1793 2842 1947 2916 leae
1987 2837 2487 2943 problematis
2532 2839 2673 2916 illd
2699 2839 2884 2915 ὑπο-

574 2999 579 3005 -
654 2944 883 3041 βολῆς
932 2938 1428 3026 ἀνταπόδοσις
1478 2940 1783 3017 {autum
1835 2954 2217 3045 quantum
2268 2942 2597 3041 ὑποβολὴ
2650 2972 2704 3015 a
2749 2968 2881 3043 po-
2932 2976 2946 2984 ·

656 3047 931 3120 sitione
950 3041 1551 3144 problematum&
1592 3044 1737 3120 sed
1759 3043 2313 3120 ἀνταποδοῦναι
2341 3056 2552 3118 reete
2577 3044 2883 3119 dicasm-

659 3149 894 3221 etiam
944 3144 1374 3246 discipulus
1388 3199 1411 3236 ,
1466 3149 1607 3248 qui
1650 3146 2086 3220 redff'derit
2127 3151 2252 3221 vel
2295 3143 2743 3221 exhibuerit
2789 3170 2886 3224 ea

662 3272 866 3350 quae
914 3249 1293 3346 magister
1354 3245 1800 3324 exhibenda
1848 3246 2354 3350 significavit.
2486 3247 2721 3344 Itaque
2773 3257 2887 3321 aut

663 3375 790 3446 ego
842 3374 971 3421 non
1024 3349 1338 3458 perspexi
1388 3358 1667 3423 mentem
1696 3350 2053 3440 Nitzschii,
2106 3359 2219 3421 aut
2258 3348 2428 3421 idem
2474 3358 2665 3442 sunt,
2720 3374 2886 3446 quae

663 3461 739 3523 ut
802 3450 1063 3521 diversa
1111 3451 1552 3524 distinxerunt
1605 3450 1807 3543 Teii,
1878 3448 2208 3546 ὑποβολὴ
2275 3459 2342 3523 et
2393 3446 2889 3536 ἀνταπόδοσις

665 3550 1056 3647 ὑποβολῆς.
1155 3549 1240 3624 Id
1296 3577 1458 3625 vero
1512 3555 1818 3649 quoniam
1863 3553 2251 3625 incredibile
2286 3561 2414 3643 est,
2466 3554 2693 3625 licebit
2729 3554 2890 3625 mihi

666 3679 815 3726 ineo
866 3653 1010 3724 iure
1060 3661 1285 3728 tenere
1338 3654 1547 3747 illud,
1615 3654 1788 3750 quod
1851 3655 1922 3725 in
1971 3654 2183 3750 prima
2233 3653 2315 3726 de
2364 3655 2695 3753 ὑποβολῇ
2748 3655 2890 3728 dis·

555 3847 560 3854 ]
669 3754 1026 3829 sertatione
1078 3754 1258 3846 dixi,
1331 3780 1463 3829 non
1513 3750 2018 3831 ἀνταπόδοσιν
2065 3752 2472 3852 ὑποβολῆς,
2538 3758 2654 3828 sed
2703 3753 2888 3831 ὑπο-

668 3852 906 3956 βολὴν
955 3851 1519 3941 ἀνταποδόσεως
1567 3866 1866 3930 vocatum
1915 3857 2094 3929 istud
2145 3867 2472 3931 certamen
2512 3883 2683 3931 esse.
2784 3860 2890 3932 Ac

670 3968 874 4056 puto,
926 3966 1269 4053 postquam
1322 3959 1476 4054 quid
1529 3968 1707 4031 esset
1755 3956 2089 4054 ὑποβολὴ
2124 3958 2333 4049 ¹docte
2384 3961 2641 4057 aperuit
2691 3959 2890 4033 Nitz-

672 4059 933 4151 schius,
1007 4051 1438 4154 probabiliter
1502 4085 1700 4156 posse
1762 4059 2026 4132 illorum
2098 4061 2414 4133 rationem
2466 4063 2889 4134 certaminum

674 4153 1021 4257 explicari.
1136 4158 1307 4232 Nam
1368 4159 1699 4257 ὑποβολὴ
1763 4161 1824 4234 si
1889 4170 1991 4234 est
2053 4162 2420 4259 propositio
2485 4164 2887 4261 speciminis,

676 4261 831 4360 quid
883 4261 1091 4358 cogit,
1142 4261 1211 4333 id
1263 4263 1594 4360 specimen
1644 4272 1720 4337 ut
1768 4263 2156 4336 recitatione
2205 4263 2511 4337 carminis
2544 4273 2739 4361 atque
2774 4290 2890 4338 os-

676 4364 1036 4438 tentatione
1079 4365 1428 4439 memoriae
1464 4365 1826 4444 exhibitum
1862 4374 2219 4439 statuamus
2236 4358 2275 4439 ἓ)
2351 4363 2560 4441 Immo
2600 4367 2668 4439 id
2696 4360 2887 4463 μνή-
