3192 4992
1161 348 1262 411 nn
1314 309 1820 410 ΥΠΟΒΟΛΗΙ.
1885 293 1905 318 ’
2188 369 2191 374 -
2504 345 2593 418 81

511 507 1084 613 Θεσμοφόρους
1116 513 1207 589 θ’
1252 511 1493 616 ἁγνὰς
1528 509 1836 640 ποτνίας
1866 511 1951 585 ἐν
1984 489 2252 607 φάρεσι
2290 518 2593 599 λευκοῖς·

711 615 927 713 όψεσι
977 614 1052 691 δ’
1115 618 1199 691 ἐν
1245 619 1581 743 τρισσαῖς
1628 611 1841 739 ἥρωα
1889 605 2108 686 τόνδε
2161 612 2404 707 σέβειν

499 715 851 844 ἤνωγον
900 713 1179 801 πόλεως
1228 713 1594 842 φύλακον,
1639 710 1907 810 χώραν
1955 712 2023 785 τ’
2077 712 2485 800 ἀπέδειξαν·

708 810 836 893 ὧν
870 818 1061 910 ἕνεχ’
1119 817 1429 916 ἵδρυσεν
1477 813 1699 892 τόνδε
1749 813 1940 891 θεὸν
1990 812 2271 899 Φίλιος.

346 912 432 989 In
498 919 790 993 secundo
858 945 1054 993 versu
1119 919 1502 994 Brunckius
1578 918 1805 1015 posuit
1875 914 2037 999 υἱὸς
2084 914 2586 1011 Αριστονόου,
2669 997 2674 1006 ,

343 1018 734 1093 Boeckhius
785 1019 947 1103 υἱὸς
998 1019 1073 1096 δ’
1125 1019 1488 1116 Ὑψίονος,
1540 1019 1716 1116 quod
1766 1043 2002 1092 nomen
2053 1019 2360 1093 similiter
2408 1031 2588 1095 esset
2666 1102 2671 1108 ,

346 1144 437 1192 ex
488 1124 936 1219 comparativo
979 1124 1223 1196 factum
1267 1133 1341 1196 ut
1369 1119 1807 1219 Κρείσσων
1786 1146 1858 1193 ιιι
1887 1121 2321 1217 inscriptione
2357 1126 2586 1198 2852.

342 1222 439 1294 At
506 1224 679 1319 quod
745 1225 840 1296 ibi
905 1226 1050 1323 ipse
1105 1224 1312 1297 edidit
1361 1220 1806 1320 Κρείσσονος
1866 1221 2057 1293 valde
2124 1221 2388 1295 dubium
2453 1233 2584 1317 est,

343 1348 570 1418 quum·
594 1325 666 1397 in
715 1326 941 1422 lapide
994 1328 1110 1412 sit,
1134 1330 1377 1400 KPEI
1420 1327 1492 1396 in
1540 1324 1673 1397 fine
1731 1347 1981 1415 versuS,
2042 1325 2421 1404 ΣΟΝΟΣ
2461 1349 2586 1398 au·-

341 1432 479 1498 tem
530 1426 600 1498 in
653 1429 992 1523 sequentis
1059 1452 1287 1504 versus
1336 1427 1555 1506 initio.
1672 1424 1820 1498 Nec
1880 1434 2042 1521 puto
2110 1428 2585 1502 ΥΣΤΟΝΟΕ

339 1526 477 1598 tale
532 1552 712 1620 esse,
764 1540 839 1602 ut
888 1536 1069 1601 recte
1104 1529 1254 1601 inde
1283 1529 1582 1624 ignotum
1626 1551 1863 1599 nomen
1916 1526 2379 1602 ΥΨΙΟΝΟΣ
2419 1552 2584 1625 pro-

315 1627 500 1699 *cudi
547 1629 792 1725 possit.
910 1629 1127 1702 Porro
1181 1630 1450 1703 scribit.
1429 1655 1450 1674 ·
1527 1628 1744 1702 Guil.
1796 1624 2268 1726 Dindorfiue
2330 1630 2418 1702 in
2466 1630 2586 1702 lit-

339 1729 535 1804 teris
587 1729 703 1803 ad
744 1755 863 1803 me
911 1729 1121 1805 datis
1170 1732 1596 1804 rectissime
1647 1731 2063 1804 annotavit
2107 1741 2293 1803 ante
2340 1726 2581 1814 verba

340 1825 597 1905 εἶδεν
664 1830 893 1928 όναρ
959 1855 1238 1906 nomen
1298 1834 1715 1953 proprium
1776 1829 2031 1904 herois
2078 1830 2580 1905 statuendum

339 1953 554 2051 esee&
582 1958 685 2005 ac·
733 1936 969 2005 εἰηιιιί
1010 1935 1411 2010 nuntiavit
1454 1936 1795 2007 amicum
1843 1933 2009 2006 eim
2057 1930 2580 2006 doctis-dmum

336 2034 726 2107 coniicere
774 2037 1166 2110 Αίπυτον.Ι
1257 2037 1637 2134 Acceperat
1701 2059 1743 2106 a
1789 2032 2144 2106 Dindorfio
2210 2058 2358 2106 eum
2410 2036 2580 2106 ami-

334 2156 486 2205 cum
552 2159 700 2207 esse
766 2136 859 2208 A.
911 2134 1331 2229 Seidlerum,
1405 2137 1525 2210 sed
1588 2161 1759 2208 non
1784 2135 2170 2209 nominavit.
2291 2133 2579 2212 Scilicet

294 2303 302 2312 .
336 2230 690 2308 Seidlerus
742 2239 1122 2311 acutissime
1175 2248 1244 2311 et
1295 2262 1534 2311 nomen
1574 2238 1799 2309 herois
1839 2236 2092 2333 requiri
2122 2235 2576 2329 intellexerat,

333 2343 404 2408 et
454 2360 607 2409 eum
660 2340 1036 2412 coniecerat
1084 2339 1416 2437 Aepytum
1467 2362 1644 2428 esse,
1697 2359 1887 2433 quem
1941 2337 2348 2413 conditorem
2374 2336 2578 2412 Prio-

330 2459 458 2508 nae
526 2437 735 2511 fuisse
788 2437 1037 2513 Strabo
1087 2439 1304 2512 XIV.
1369 2464 1442 2536 p.
1494 2441 1645 2516 633
1711 2445 1780 2511 et
1830 2436 2202 2510 Pausanias
2267 2435 2442 2514 VII.
2496 2443 2574 2531 2,

332 2540 465 2612 10.
521 2546 947 2612 testarentur.
1048 2541 1435 2615 Boeckhius
1502 2538 1763 2666 quidem
1828 2563 2027 2635 quum
2091 2539 2454 2635 cogitasset
2501 2540 2574 2635 iu

327 2640 939 2716 ΝΑΠΛΟΚΟΝ
976 2642 1185 2714 latere
1237 2666 1435 2739 posse
1486 2638 1868 2729 Νάοκλον,
1922 2663 2115 2737 quem
2165 2640 2265 2713 sic
2313 2639 2575 2714 Pausa-

327 2740 508 2833 nias,
562 2739 810 2815 Strabo
863 2750 1079 2815 autcm
1131 2748 1482 2817 Ναῦκλον
1536 2741 1818 2833 vocavit,
1871 2741 2082 2813 filium
2133 2739 2383 2833 Codri,
2458 2744 2572 2839 qni

328 2842 482 2939 ipse
550 2868 808 2940 quoque
873 2845 1091 2917 vicina
1138 2844 1425 2918 Prienae
1493 2845 1648 2916 loca
1711 2842 2032 2934 accessit,
2114 2842 2377 2916 tandem
2429 2845 2571 2916 veri

329 2943 740 3016 simillimum
777 2970 925 3018 esse
952 2946 1268 3019 iudicavit
1291 2941 1747 3042 ’Ἀνδροκλον
1779 2945 2100 3041 scriptum
2125 2943 2360 3037 fuisse,
2393 2945 2569 3041 quod

327 3044 417 3136 iS,
471 3046 635 3118 licet
661 3045 922 3143 Ephesi
971 3056 1221 3120 tantum
1275 3047 1581 3120 conditor
1626 3046 1908 3138 dicatur,
1960 3054 2179 3119 tamen
2222 3045 2567 3144 universae

325 3143 608 3218 Ionicae
660 3147 963 3221 coloniae
1014 3148 1400 3245 praefuerit,
1450 3147 1837 3245 posterique
1890 3147 2031 3220 eius
2063 3144 2327 3243 Ephesi
2376 3171 2569 3221 sacra

325 3246 709 3366 Eleusinia,
761 3247 1095 3322 Strabone
1147 3256 1319 3322 teste
1368 3248 1583 3322 XIV.
1635 3274 1708 3346 p.
1744 3249 1896 3324 632
1950 3273 2094 3346 seq.
2145 3249 2564 3339 retinuerint,

326 3347 546 3421 unde
556 3349 628 3421 in
676 3351 805 3423 hoc
854 3351 1076 3447 lapide
1112 3350 1662 3447 Thesmophoros
1714 3348 2236 3423 commemorari.
2337 3347 2567 3445 Egre-

329 3451 447 3546 gia
496 3451 664 3524 haec
715 3452 1095 3525 coniectura
1145 3460 1274 3544 est,
1330 3460 1766 3549 poterantque
1819 3452 1883 3522 ei
1931 3449 2288 3522 firmandae
2341 3450 2566 3526 afferri

331 3551 533 3624 etiam
598 3553 764 3640 haec
824 3552 1195 3627 Pausaniae
1259 3555 1459 3625 verba
1522 3552 1700 3624 VII.
1753 3556 1841 3643 2,
1893 3554 1970 3627 6.
2088 3547 2415 3646 Σαμίων
2479 3548 2565 3625 δὲ

328 3649 476 3751 ἤδη
524 3642 1142 3749 κατεληλυθότων
1190 3652 1310 3728 ἐπὶ
1340 3651 1438 3728 τὰ
1481 3649 1734 3744 οἰκεῖα,
1789 3653 2309 3752 Πριηνεῦσιν’
2277 3653 2565 3747 ήμυνεν

335 3752 456 3827 ἐπὶ
504 3752 680 3839 τοὺς
726 3760 987 3853 Κᾶρας
1036 3754 1076 3829 ὅ
1107 3753 1588 3883 Ἄνδροκλος,
1649 3783 1776 3830 και
1824 3761 2183 3836 νικῶντος
2229 3760 2366 3828 τοῦ
2406 3752 2664 3828 Ez-lss

332 3861 636 3950 ληνικοῦ
701 3856 954 3931 ἔπεσεν
1017 3859 1100 3931 ἐν
1163 3865 1254 3953 τῇ
1318 3852 1546 3953 μάχῃ.
1667 3856 1992 3929 Androcli
2055 3854 2263 3953 igitur
2323 3880 2562 3928 nomen

334 3982 529 4054 quum
577 3959 711 4031 isto
761 3959 1283 4034 ΑΠΛΟΚΟΝ
1326 3959 1652 4032 contineri
1699 3958 1892 4030 valde
1939 3957 2282 4055 probabile
2332 3957 2561 4029 videa-

334 4068 482 4150 tur,
554 4060 688 4132 iam
737 4062 1176 4159 quaerendum
1242 4071 1346 4133 est
1412 4060 1598 4157 quid
1632 4060 1782 4132 fieri
1831 4058 2067 4131 debeat
2115 4059 2254 4130 illis
2319 4059 2567 4133 ΥΙΟΣ

333 4165 403 4234 Δ
414 4164 979 4238 ῩΣΤΟΝΟΕΝ.
1081 4164 1189 4235 Ac
1229 4162 1562 4235 Boeckhii
1606 4161 1986 4233 coniectura
2028 4183 2146 4232 cur
2178 4159 2556 4255 displiceat,

335 4261 504 4336 dixi.
619 4262 715 4337 G.
781 4263 1173 4337 Dindorfins
1240 4273 1456 4336 autem
1535 4263 1712 4358 qnod
1777 4261 2191 4334 scribendum
2254 4258 2554 4355 putabat,

335 4361 485 4448 οἶος
551 4366 731 4459 (nam
782 4362 935 4449 οἶος
983 4366 1385 4464 typographi
1433 4389 1622 4437 error
1671 4370 1809 4461 est)
1874 4358 2305 4449 νυστάζων,
2371 4359 2555 4454 qnia,

413 4480 643 4549 Hnam.
686 4481 800 4548 01».
842 4482 983 4551 Vll.
1266 4567 1297 4579 q
1880 4560 1964 4588 .-.
2089 4476 2144 4539 F
2250 4557 2273 4566 ν
