3192 4992
921 347 1023 410 DE
1063 346 1438 407 AEscHYLl
1478 346 2069 410 PSYCHOSTASIA..
2099 432 2114 437 ἱ
2477 347 2607 415 357

376 538 589 610 nuper
620 510 986 608 -egregiam
1044 512 1138 584 'de
1202 513 1324 585 illo
1374 495 1767 585 Aristotelis
1791 558 1798 575 ·.
1825 511 2003 584 'libro
2072 511 2600 589 dissertationem
2655 514 2662 519 ’

377 615 681 710 scripsit,
731 611 1133 703 Leonardus
1182 612 1629 711 Spengelius,
1696 614 1946 686 editam.
1988 613 2057 684 in
2112 614 2436 686 volumine
2487 641 2602 688 se-

215 789 226 796 ,
306 732 311 739 ’
377 716 586 789 cundo
641 715 1255 790 commentationum
1305 716 1704 787 Academiae
1754 715 2210 806 Monacensis,
2264 707 2598 790 dubitasse

379 817 653 906 videtur,
709 816 864 913 qnid
916 816 1026 887 hic
1073 813 1427 911 ’Πτωχεία
1479 817 1605 889 sibi
1664 818 1900 907 vellet,
1971 816 2256 913 quidque
2305 813 2597 891 Λάκαι-ὲ

371 945 497 993 ναι
547 919 781 992 titulus
831 917 1260 1012 significaret.
1365 915 1765 1012 Πτωχείαν
1833 917 2093 1014 quidem
2159 917 2596 993 certissimum

372 1030 475 1092 est
523 1019 750 1091 Ulixis
816 1019 1184 1090 simulatam
1250 1020 1735 1113 mendicitatem
1802 1019 2247 1107 continuisse,
2319 1019 2402 1090 de
2468 1045 2597 1117 qua

344 1119 652 1193 *Proclus
704 1121 771 1191 in
824 1125 1208 1215 argumento
1261 1144 1501 1217 parvae
1551 1119 1826 1192 Iliadis:
1886 1117 2293 1202 Ὀδυσσεὺς
2342 1117 2432 1193 δὲ
2479 1125 2595 1194 αὶ-

311 1260 317 1266 ·
367 1218 762 1315 κισοίμενος
825 1219 1095 1303 ἑαυτὸν
1133 1217 1605 1305 ,κατάσκοπος
1667 1226 1768 1303 εἰς
1813 1221 2033 1293 Ἴλιον
2081 1218 2592 1321 παραγίνεται,

366 1321 493 1397 καὶ
543 1321 1139 1423 ἀναγνωρισθεὶς
1185 1321 1321 1420 *ὑφ’
1372 1321 1654 1420 Ἑλένης
1703 1321 1868 1419 περὶ
1918 1329 2045 1417 τῆς
2092 1318 2433 1405 ἁλώσεως
2464 1331 2600 1420 τῆς

368 1420 642 1506 πόλεως
692 1422 1164 1512 συντίθεται,
1214 1421 1504 1507 κτείνας
1550 1425 1635 1498 τέ
1675 1452 1886 1506 τινας
1931 1430 2087 1497 τῶν
2145 1420 2425 1517 Τρώων
2473 1424 2593 1498 ἐπὶ

365 1524 501 1608 τὰς
548 1531 733 1608 ναῦς
782 1525 1219 1622 ἀφικνεῖται.
1323 1527 1510 1618 Quae
1559 1535 1758 1622 poeta
1810 1526 1927 1597 ille
1979 1550 2064 1596 ex
2099 1524 2397 1598 Helenae
2434 1551 2592 1598 ora-

367 1628 546 1700 tione
595 1629 664 1699 in
699 1625 1040 1722 Odysseae
1069 1627 1206 1700 IV.
1259 1631 1430 1702 240.
1477 1652 1666 1724 seqq.
1719 1634 1976 1723 sumpta
2004 1628 2373 1699 exornavit.
2438 1626 2590 1699 La·-

368 1753 648 1819 caenae‚
722 1753 887 1824 quae
939 1728 1300 1826 Sophoclis
1350 1728 1569 1801 fabula
1620 1730 1770 1820 fuit,
1822 1727 2047 1800 nescio
2100 1751 2181 1799 an
2231 1728 2301 1800 in
2354 1729 2588 1804 eodem

371 1839 664 1902 versatae
727 1831 972 1902 fuerint
1021 1840 1444 1923 argumento:
1515 1830 1711 1926 idque
1777 1831 1922 1927 ipse
1975 1854 2232 1926 qnoque
2283 1831 2589 1926 suspica-

365 1943 472 2003 tus
523 1932 781 2003 videtur
828 1929 1258 2027 Spengelius.
1285 1936 1358 2029 ⁴³)
1464 1930 1802 2004 Credibile
1868 1943 1972 2003 est
2038 1941 2255 2003 antem
2308 1930 2586 2005 linxisse

362 2031 763 2128 Sophoclem
814 2056 943 2104 non
995 2034 1244 2124 solam,
1315 2032 1430 2104 sed
1499 2058 1644 2106 cum
1708 2031 1963 2129 aliquot
2026 2032 2285 2104 ancillis
2336 2030 2600 2130 Sparta⁴

359 2144 612 2229 raptam
676 2158 823 2209 esse
887 2133 1238 2206 Helenam.
1327 2131 1547 2207 Ἰλίου
1612 2132 1870 2228 πέρσιν
1937 2158 2088 2205 vero
2157 2142 2229 2205 ut
2294 2134 2376 2204 ab
2440 2135 2584 2205 Ae-

358 2236 587 2329 schylo
653 2236 967 2331 scriptam
1024 2260 1182 2323 ‚esse
1249 2236 1549 2326 credam,
1620 2236 1759 2308 illis
1828 2234 2088 2331 quidem
2151 2236 2580 2327 argumentis,

359 2339 594 2432 quibus
662 2337 732 2408 id
794 2335 1207 2408 Welckerus
1284 2337 1542 2409 vincere
1613 2336 1864 2407 studuit
1932 2336 2001 2405 in
2064 2334 2583 2408 Zimmermanni

355 2436 637 2509 Diumis
703 2436 1089 2532 antiquariis
1140 2461 1205 2508 a.
1263 2440 1485 2511 1831.
1538 2436 2034 2511 m.sDecembr.
2085 2460 2154 2506 n.
2211 2439 2381 2510 152.
2446 2461 2579 2509 non

263 2604 269 2613 ,
357 2539 675 2611 adducor.
770 2536 955 2610 Illud
1008 2538 1268 2634 quidem
1318 2539 1514 2610 facile
1545 2537 1925 2627 concedam,
1980 2537 2155 2633 qnod
2178 2535 2581 2634 Aristopha-

356 2634 474 2713 ne's
524 2641 595 2713 in
645 2639 857 2713 Rauis
910 2664 971 2711 v.
1029 2643 1250 2714 1451.
1302 2640 1627 2711 dicentem
1677 2638 1839 2711 fecit
1888 2635 2320 2735 Sophoclem,

608 2790 698 2865 οὐ
737 2787 885 2888 χρὴ
937 2789 1222 2875 λέοντος
1271 2785 1609 2886 σκύμνον
1657 2791 1740 2864 ἐν
1786 2785 1989 2863 πόλει
2038 2787 2359 2886 τρέφειν,

353 2945 436 3016 de
485 2945 885 3039 Astyanacte
952 2942 1194 3031 dictum
1252 2967 1401 3015 csse
1459 2943 1785 3040 potuisse.
1889 2939 2187 3013 Fabulae
2243 2965 2394 3012 vero
2447 2939 2675 3014 no-15

351 3068 537 3136 men,
605 3046 673 3116 in
740 3066 869 3141 qua
914 3045 1060 3115 ‘iste
1116 3068 1340 3115 versus
1405 3042 1982 3139 scriptusfuerit,
2055 3054 2288 3112 vereor
2340 3066 2420 3112 ne
2475 3042 2573 3113 vir

353 3147 770 3220 doctissimus
835 3145 1251 3217 festinantius
1317 3144 1509 3241 quam
1574 3142 2052 3216 consideratius
2116 3166 2189 3214 se
2238 3142 2570 3214 invenisse

348 3249 702 3346 putaverit.
816 3246 988 3320 Nam
1052 3243 1256 3318 Ιλίου
1319 3242 1616 3340 πέρσιν,
1688 3267 1854 3341 quae
1918 3242 2249 3347 excidium
2314 3241 2569 3317 Troiae

348 3351 746 3441 universum,
799 3373 932 3421 non
981 3357 1233 3445 partem
1286 3347 1428 3421 eius
1479 3347 1764 3442 aliquam
1815 3344 2236 3434 continuerit,
2295 3344 2377 3414 ab
2426 3342 2572 3416 Aev

350 3448 575 3547 schylo
629 3452 936 3549 scriptam
990 3474 1179 3540 esse,
1233 3447 1597 3520 certissime
1651 3470 1969 3544 apparere
2020 3445 2113 3516 ait
2164 3470 2249 3516 ex
2298 3444 2570 3537 Aristo·
2785 3538 2792 3545 p

347 3553 503 3629 telis
569 3553 650 3624 de
717 3562 857 3624 arte
921 3552 1184 3649 poetica
1234 3550 1449 3648 capite
1500 3546 1793 3620 XVIII.
1865 3546 2178 3646 quidquid
2242 3544 2569 3618 statuatur
2653 3576 2662 3583 ·
2761 3639 2782 3653 Ι

348 3654 431 3726 de
482 3655 887 3744 nominibus,
971 3677 1135 3748 quae
1199 3652 1333 3724 sint
1394 3651 1811 3747 interposita.
1926 3647 2267 3744 Scriptum
2320 3655 2424 3718 est
2470 3645 2566 3720 ibi
2680 3656 2685 3662 ’

344 3758 414 3828 in
468 3756 804 3828 codicibus
857 3758 941 3854 ᾧ.
1007 3756 1118 3829 17.
1186 3751 1345 3825 ὅσοι
1372 3751 1654 3847 πέρσιν
1691 3748 1908 3824 Ἰλίου
1958 3749 2136 3843 ὅλην
2184 3746 2560 3843 ἐποίησαν,

342 3856 471 3933 καὶ
519 3854 631 3953 μὴ
670 3854 861 3930 κατὰ
911 3854 1130 3952 μέρος
1179 3852 1412 3948 ὥςπερ
1468 3850 1870 3951 Εὐριπίδης
1919 3846 2234 3944 Νιόβην,
2283 3848 2409 3922 καὶ
2456 3847 2562 3946 μὴ

342 3954 1002 4056 ὥςπερ-Αἰσχύλος,
1050 3954 1117 4052 ἢ
1149 3953 1624 4029 ἐκπίπτουσιν
1669 3952 1716 4049 ἢ
1766 3959 2012 4039 κακῶς
2044 3949 2558 4053 ἀγωνίζονται.
2623 3964 2628 3969 ’

239 4100 245 4108 -
343 4059 424 4133 In
474 4062 813 4159 impressis
864 4061 1053 4132 libris
1105 4083 1193 4131 ex
1245 4054 1830 4130 editione‘Aldina
1892 4064 2047 4151 post
2096 4047 2387 4150 Νιόβην
2434 4053 2559 4125 ad-

738 4222 945 4231 .--.-——.

340 4387 472 4446 fac,
509 4294 569 4444 Ξ)
620 4298 877 4444 Dix2it²8de
917 4309 1218 4378 argumento
1260 4294 1369 4358 Th.
1410 4295 1670 4376 Bergkius
1724 4297 1779 4353 in
1823 4292 1999 4353 Musei
2037 4293 2271 4353 Rhenani
2311 4291 2438 4351 vol.-
2457 4289 2554 4350 IV·

557 4426 572 4444 .
612 4406 669 4467 p.
754 4394 769 4410 ⁹
964 4392 979 4411 ²
1936 4441 1940 4447 .
