3192 4992
560 1398 608 1467 3
1641 1422 1780 1483 nu

615 1593 828 1704 -·A
1005 1595 1106 1712 E
1280 1594 1363 1708 S
1544 1592 1637 1712 C
1726 1723 1734 1744 ‚
1815 1594 1927 1703 H
2102 1592 2212 1701 Y
2390 1592 2495 1706 L
2671 1594 2730 1702 Ι

922 1797 1622 1907 'ramosus
1705 1813 2515 1929 THEBANIS.*)

608 2233 969 2368 Aeschyli
1015 2272 1423 2368 tragoediam
1489 2272 1599 2345 cui
1648 2269 1925 2367 Septem
1975 2269 2061 2340 aa
2111 2267 2389 2340 Thebas
2445 2269 2682 2340 nomen
2731 2275 2836 2342 est

607 2382 863 2470 partem
916 2373 1248 2446 cniusdam
1306 2374 1617 2471 trilogiae
1681 2372 1887 2444 fuisse
1950 2396 2037 2444 ex
2099 2371 2249 2468 ipsa
2310 2371 2431 2442 illa
2479 2370 2701 2442 fabula
2752 2395 2832 2443 eo

611 2476 1075 2571 cognoscitur,
1146 2473 1319 2572 quod
1370 2477 1438 2546 in
1491 2500 1571 2547 ea
1620 2475 1975 2571 respicitur
2025 2473 2106 2543 ad
2159 2472 2351 2543 aliam
2421 2496 2586 2568 qnae
2636 2497 2837 2568 prae-

659 2599 844 2648 ressa
906 2579 996 2649 sit
1059 2576 1490 2672 tragoediam.
1622 2575 1777 2648 Nou
1842 2575 1991 2647 dico
2061 2575 2622 2665 exsecrationem,
2708 2597 2838 2670 qua

610 2603 915 2772 gedipus
978 2678 1156 2748 filios
1209 2701 1364 2748 snos
1431 2677 1735 2767 devovit,
1805 2684 2369 2748 commemoratam
2422 2677 2834 2773 saepissime,

607 2800 680 2848 v.
731 2780 910 2854 661.
975 2780 1151 2851 701.
1217 2778 1393 2852 715.
1461 2778 1637 2852 729.
1690 2801 1877 2872 seqq.
1944 2779 2119 2852 772.
2172 2777 2348 2850 791.
2402 2801 2589 2874 seqq.
2655 2780 2835 2852 808.

612 2880 790 2955 839.
843 2881 1020 2953 847.
1072 2880 1248 2953 892.
1283 2880 1459 2953 899.
1495 2882 1672 2952 904.
1710 2880 1886 2953 952.
1917 2901 2063 2949 nam
2113 2886 2183 2949 et
2217 2879 2601 2951 notissimae
2649 2886 2837 2951 erant

610 2980 737 3053 hae
790 2981 972 3052 dirae
1039 2988 1107 3051 et
1171 2980 1385 3052 dictae
1451 2982 1656 3052 multo
1722 2987 1910 3051 antez
1998 2979 2170 3050 unde
2222 3003 2287 3050 v.
2341 2984 2516 3055 772.
2568 2979 2838 3053 παλαί-

612 3108 838 3178 φατοι
887 3090 1242 3154 vocantur}
1315 3082 1433 3153 sed
1498 3081 1818 3154 somnium
1883 3082 2189 3177 intelligo
2237 3080 2542 3155 Eteoclis
2596 3084 2678 3155 de
2722 3083 2838 3154 di-

611 3183 898 3256 vidunda
947 3183 1313 3256 hereditate
1362 3191 1663 3280 paterna,
1727 3183 1913 3256 cuius
1964 3184 2201 3255 somnii
2251 3207 2447 3279 quum
2494 3185 2616 3257 ille
2664 3193 2838 3257 tam-

614 3310 807 3383 quam
858 3286 1002 3357 noti
1051 3286 1447 3358 mentionem
1496 3284 1699 3358 faciat
1753 3310 1815 3355 v.
1866 3287 2043 3360 716.
2094 3285 2199 3355 his
2249 3284 2494 3378 verbis,

866 3436 1064 3538 ἄγαν
1115 3434 1189 3512 δ’
1249 3436 1552 3531 ἀληθεῖς
1599 3427 1973 3514 ἐνυπνίων
2023 3429 2586 3534 φαντασμάτων

866 3537 1073 3634 ὄψεις
1121 3533 1493 3637 πατρῴων
1531 3533 1944 3640 χρημάτων
1995 3532 2362 3636 δατήριοι·

611 3692 987 3788 expositum
1039 3690 1122 3763 de
1174 3715 1255 3763 eo
1306 3714 1460 3763 esse
1506 3691 1732 3764 debuit
1778 3690 1849 3761 in
1900 3714 1981 3761 ea
2031 3713 2198 3785 quae
2246 3713 2642 3788 praegressa
2691 3696 2836 3763 erat

609 3792 980 3890 tragoedia.
1081 3793 1270 3883 Quae
1332 3815 1510 3865 vero·
1559 3817 1707 3865 cum
1757 3790 2031 3888 Septem
2084 3791 2167 3863 ad
2218 3792 2491 3865 Thebas
2556 3793 2837 3865 coniun-

614 3902 760 3967 ctae
809 3893 1055 3967 fuerint
1103 3895 1360 3966 fabulae
1412 3918 1453 3965 a
1502 3893 1834 3966 veteribus
1888 3894 2145 3990 quidem
2196 3918 2327 3966 nou
2362 3902 2466 3966 est
2496 3895 2834 3966 traditum.

613 3995 771 4092 Ego
823 3995 997 4092 quod
1046 3996 1116 4068 in
1167 3996 1630 4069 dissertatione
1698 4019 1864 4092 quae
1916 4004 2020 4067 est
2070 3995 2151 4067 de
2203 3997 2677 4092 compositione
2727 4004 2836 4067 te-

615 4098 1046 4195 tralogiarum
1109 4122 1182 4195 p.
1236 4101 1361 4173 11.
1416 4095 1710 4194 (Opusc.
1764 4097 1899 4170 vol.
1949 4095 2053 4169 II.
2104 4123 2175 4196 p.
2229 4100 2405 4172 314.
2458 4099 2553 4199 s.)
2618 4097 2835 4171 conii-

784 4402 847 4484 *)
902 4404 1060 4464 Edita
1100 4411 1182 4460 est
1222 4424 1271 4463 a.
1316 4400 1499 4464 1835.
