3192 4992
1201 375 1388 435 PARS
1430 372 1670 437 PRIOR.
1735 461 1740 466 Ι
2408 375 2536 443 293

320 541 526 619 ditum
575 566 769 638 quum
818 539 1261 637 spanhemius
1313 567 1445 614 non
1494 542 1768 614 haberet
1819 568 1946 639 quo
1998 544 2132 616 alio
2184 545 2533 617 confirma-

317 654 424 717 ret
469 644 870 735 testimonio,
920 669 1052 716 non
1102 643 1488 715 meminerat
1535 646 1904 737 argumenti
1954 644 2339 740 Pythiorum
2364 646 2533 719 Pin-

317 745 484 817 dari.
582 742 965 817 Voluerunt
1015 764 1056 815 a
1107 744 1213 816 die
1263 746 1468 817 natali
1519 743 2032 863 ἑβδομαγέτῃν
2080 745 2327 820 dictum
2357 772 2530 840 esse,

315 846 487 943 quod
551 870 790 919 nomen
855 853 1035 918 recte
1086 844 1621 919 Valckenarius
1642 848 1710 917 in
1779 848 1941 919 diss.
2010 847 2092 918 de
2141 847 2531 946 Aristobulo

233 949 236 951 ’
308 974 380 1044 Ρ.
427 949 602 1023 115.
665 947 1026 1020 Plutarcho
1078 973 1202 1044 pro
1255 945 1768 1047 ἑβδομαγὲνην
1817 950 2148 1040 restituit,
2214 950 2310 1021 ita
2360 951 2534 1024 scri-

308 1050 490 1121 benti
540 1050 612 1120 in
663 1050 751 1140 Q.
802 1046 1113 1176 SympoS.
1165 1046 1380 1120 VIII.
1436 1053 1521 1139 l,
1587 1053 1662 1123 2.
1713 1075 1785 1145 Ρ.
1838 1054 2013 1125 717.
2064 1050 2349 1125 1).καὶ
2396 1049 2534 1126 τὸν

307 1147 449 1225 θεὰ
452 1177 499 1225 ν
549 1148 652 1232 ὥς
696 1145 929 1245 ταύτῃ
1062 1176 1381 1242 νομενον
1426 1149 1673 1243 ὑμεῖς,
1738 1148 1975 1238 εἶπεν,
2041 1150 2110 1224 οἱ
2159 1159 2534 1250 προφῆται

306 1249 436 1325 καὶ
485 1251 556 1325 οἱ
604 1251 816 1347 ἱερεῖς
864 1176 1374 1353 ἑβιέιιιαγέτην
1419 1255 1721 1326 καλεῖτε.
1822 1252 2253 1356 Notissimum
2304 1263 2409 1327 est
2439 1255 2533 1327 il-

305 1354 426 1480 lud
471 1353 830 1450 Aeschyli:

610 1484 747 1570 τὰς
796 1484 870 1561 δ’
931 1480 1261 1583 ἑβδόιιας
1311 1484 1352 1560 ὅ
1404 1483 1670 1583 σεμνὸς
1718 1485 2227 1614 ἑβδομαγὲτας

609 1589 804 1673 ἄναξ
832 1585 1209 1662 Απόλλων
1258 1588 1496 1676 ὤλετ’,
1568 1586 1887 1663 Οἰδίπου
1935 1616 2130 1713 γενει

607 1688 941 1787 κραίνων
988 1687 1305 1772 παλαιὰς
1349 1689 1603 1764 Λαΐου
1661 1689 2124 1789 δυςβουλίας.

305 1822 543 1898 Facile
591 1825 1014 1934 intelligitur,
1065 1825 1317 1897 natales
1367 1825 1523 1898 illos
1576 1824 1873 1943 deorum,
1926 1827 2037 1922 qui
2064 1823 2265 1898 certis
2289 1823 2533 1896 diebus

305 1921 767 2024 assignantur,
833 1926 915 1998 de
981 1927 1212 2023 quibus
1261 1927 1403 2022 legi
1450 1934 1673 2023 potest
1720 1928 1790 1998 in
1840 1925 2135 2000 Denario
2188 1925 2531 2022 Pythago-

302 2028 446 2100 rico
498 2027 837 2100 Menrsius
899 2028 970 2099 in
1023 2026 1325 2102 Gronov.
1378 2027 1594 2100 Thes.
1663 2029 1797 2101 vol.
1849 2027 1993 2100 IX.
2060 2051 2298 2099 arcana
2365 2051 2531 2124 qna-

304 2129 454 2200 dam
504 2130 758 2202 ratione
807 2130 1108 2201 inventos
1161 2154 1336 2221 esse,
1390 2154 1554 2225 quae
1607 2130 1894 2201 numeris
1947 2115 2329 2225 quibusdam
2381 2153 2529 2200 cum

302 2230 569 2302 illorum
648 2231 900 2302 naturis
983 2231 1252 2302 deorum
1330 2230 1667 2303 videretur
1731 2229 2168 2302 intercedere.
2302 2229 2526 2324 Atque

299 2331 684 2429 Apollinem
737 2332 995 2427 quidem
1050 2355 1281 2402 vereor
1330 2355 1439 2422 ne,
1495 2330 1668 2426 quod
1720 2328 2220 2430 ἑβδομαγέτης
2268 2324 2622 2422 dicere-II
2703 2331 2716 2360 ³

298 2440 437 2525 tur,
488 2456 694 2531 prava
742 2434 935 2504 huius
985 2432 1265 2503 nominis
1302 2432 1847 2527 interpretatione
1887 2432 2166 2527 septimo
2202 2430 2308 2501 die
2345 2454 2530 2506 men-

301 2535 396 2605 sis
463 2535 840 2631 putaverint
901 2542 1121 2605 natum
1186 2531 1574 2629 significari.
1699 2533 2101 2628 Quamquam
2156 2555 2320 2627 quae
2372 2555 2532 2603 vera

300 2635 392 2707 sit
440 2635 636 2707 huius
686 2635 966 2708 nominis
1020 2634 1235 2730 origo,
1289 2659 1418 2706 non
1462 2634 1671 2704 ausim
1712 2658 1835 2729 pro
1872 2635 2219 2730 explorato
2250 2657 2525 2729 ponere.

297 2735 667 2810 Ductorem
716 2737 891 2810 enim
941 2744 1359 2832 septenorum
1411 2759 1603 2830 quum
1647 2735 1777 2806 ista
1814 2760 1945 2806 vox
1984 2734 2340 2828 significet,
2392 2758 2530 2806 non

298 2838 541 2930 solum,
597 2862 761 2934 quae
812 2839 1023 2935 prima
1073 2861 1146 2909 se
1197 2837 1366 2908 ratio
1421 2837 1656 2925 offert,
1709 2845 1955 2931 septem
2007 2837 2312 2931 planetae
2365 2857 2528 2931 pos-

219 3009 223 3014 ,
298 2949 452 3012 sunt
499 2939 829 3035 intelligi,
897 2964 1166 3035 quorum
1219 2939 1527 3034 princeps
1595 2944 1664 3007 et
1714 2938 1900 3032 quasi
1954 2936 2188 3008 ductor
2253 2938 2341 3008 sit
2392 2938 2526 3028 sol,

297 3041 418 3113 sed
466 3049 945 3115 consueverant
1010 3041 1205 3111 etiam
1271 3040 1350 3108 ab
1417 3047 1567 3110 ortu
1620 3048 1870 3133 septem
1920 3036 2266 3108 Pleiadum
2309 3062 2523 3133 usque
2653 3121 2672 3136 ,

298 3142 382 3212 ad
435 3167 741 3215 occasum
793 3166 1014 3213 earum
1064 3140 1334 3210 aestatis
1399 3140 1680 3235 spatium
1747 3146 2165 3234 computare,
2245 3138 2327 3209 de
2395 3163 2526 3234 qua

296 3268 371 3314 re
423 3246 735 3342 exposuit
784 3252 1049 3341 praeter
1100 3242 1268 3312 alios
1318 3241 1388 3311 iu
1440 3240 1789 3312 summario
1844 3239 2311 3334 chronologiae
2360 3237 2522 3310 Ide-

293 3343 478 3417 lerus
535 3347 665 3418 vol.
715 3343 781 3416 I.
831 3371 903 3443 p.
946 3347 1115 3417 242.
1168 3341 1528 3414 Praeterea
1582 3366 1735 3413 vero
1788 3341 1918 3431 alia
1969 3364 2173 3436 eaque
2224 3341 2522 3438 peranti-

298 3470 430 3541 qua
491 3448 711 3518 fabula
774 3448 844 3518 in
896 3443 1199 3540 Odyssea
1260 3443 1523 3540 prodita
1587 3451 1690 3513 est
1757 3442 1837 3513 de
1904 3450 2155 3537 septem
2206 3442 2522 3538 gregibus
2661 3485 2682 3528 ⁴.

297 3548 488 3639 solis,
545 3549 777 3643 quibus
828 3548 980 3619 anni
1029 3546 1278 3617 lunaris
1330 3545 1472 3615 dies
1523 3552 1879 3640 noctesque
1935 3541 2181 3616 CCCL
2234 3543 2552 3615 describi,

296 3650 781 3743 apertissimum
834 3656 958 3739 est,
1010 3646 1191 3719 XII.
1247 3650 1419 3721 127.

505 3779 902 3880 Θρινακίην
954 3780 1025 3856 δ’
1085 3784 1157 3864 ἐς
1203 3787 1437 3875 νῆσον
1487 3776 1814 3876 ἀφίξεαι·
1881 3775 2077 3850 ἔνθα
2125 3772 2209 3849 δὲ
2255 3776 2516 3852 πολλαὶ
2561 3834 2564 3838 «

496 3883 847 3985 βόσκοντ’
893 3881 1204 3957 Ἠελίοιο
1251 3878 1424 4009 βόες
1472 3908 1598 3953 και
1646 3884 1816 3977 ι’φια
1865 3884 2087 3972 μῆλα,

497 3986 681 4061 ἑπτα
699 3987 939 4113 βοῶν
1089 3984 1266 4071 ελαι,
1315 3979 1499 4061 τόσα
1552 3979 1624 4054 δ’
1685 3985 1868 4053 οἰῶν
1916 3973 2119 4050 πώεα
2166 3972 2380 4067 καλοί,

497 4083 949 4182 πεντήκοντα
981 4014 1384 4161 &Igmazen-
1417 4079 1637 4210 γόνος
1665 4080 1736 4155 δ’
1768 4080 1856 4154 οὐ
1882 4078 2210 4204 γίγνεται
2230 4079 2508 4167 αὐτῶν,

500 4189 679 4264 οὐδε
697 4218 869 4263 ποτε
905 4183 1422 4285 φθινύθουσι··
1454 4183 1633 4257 θεαὶ
1674 4181 1810 4256 δ”
1786 4188 1900 4255 ε’πι
1934 4180 2266 4275 ποιμένες
2297 4180 2509 4267 εἰσίν,

500 4286 793 4388 νύμφαι
839 4286 1321 4383 ἐϋπλόκαμοι,
1376 4279 1792 4359 Φαέθουσά
1838 4311 1915 4355 τε
1963 4279 2355 4380 Λαμπετίη
2402 4308 2506 4370 τε,

498 4392 588 4477 ἃς
632 4390 836 4468 τέκεν
869 4389 1132 4491 Ἠελίῳ
1171 4386 1527 4490 Ὑπερίονι
1573 4384 1705 4463 δῖοι
1752 4383 2051 4485 Nemea.
