3192 4992
653 545 886 618 liastes
919 543 1400 673 Aristophanis
1448 543 1534 615 ad
1580 541 1719 639 Eq.
1771 543 1947 619 544.
2012 567 2101 616 ex
2166 568 2295 639 qno
2359 540 2583 614 hausit
2631 539 2878 616 Suidas

653 647 726 719 in
774 647 853 730 ἐξ
898 640 1222 741 ἅμᾶξηςι
1275 642 1489 741 ἑορτὴ
1531 642 1736 741 παρὰ
1777 649 1932 728 τοῖς
1965 640 2394 740 Ἀθηναίοις
2423 641 2520 715 τὰ
2553 638 2877 739 Λήναια·

656 747 810 821 ἔστι
872 744 955 821 δε
1006 751 1107 830 εἰς
1154 742 1561 820 Διόνυσον·
1635 749 1722 822 ἐν
1784 738 1835 843 ᾗ
1899 744 2112 843 μέχρι
2177 752 2324 820 νῦν
2386 743 2939 852 ἀγωνίζονται

655 846 951 944 ποιηταὶ
1002 843 1557 973 συγγράφοντές
1619 874 1790 922 τινα
1854 848 2156 943 ᾄσματα
2216 851 2354 921 τοῦ
2417 848 2880 972 γελασθῆναι

603 946 901 1047 χάριν,
954 947 1128 1047 ὅπερ
1183 949 1223 1024 ὃ
1256 948 1746 1045 Δημοσθένης
1793 946 1991 1023 εἶπεν
2039 951 2118 1032 ἐξ
2143 944 2450 1044 ἁμάξης.
2533 945 2720 1020 znz‘
2675 974 2879 1042 αμα-
3174 1037 3175 1040 ¹

656 1053 810 1136 ξῶν
877 1048 1023 1179 γὰρ
1089 1050 1160 1125 οἱ
1223 1048 1528 1148 ᾄδοντες
1589 1046 2005 1146 καθήαενοι
2066 1047 2359 1151 λέγουσι
2418 1076 2547 1123 και
2607 1047 2878 1145 ᾄδουσι
3172 1111 3175 1164 Ι

654 1151 751 1227 τὰ
801 1148 1196 1249 ποιήματα.
1295 1153 1478 1244 Alii,
1533 1154 1646 1249 qui
1692 1153 1887 1224 huius
1937 1151 2430 1225 consuetudinis
2480 1151 2876 1224 mentionem
2924 1144 2964 1242 J
3174 1185 3175 1190 ¹

654 1254 978 1346 fecerunt,
1029 1255 1196 1327 nih‘il
1247 1254 1330 1326 de
1381 1254 1817 1346 cantionibus,
1869 1254 1987 1326 sed
2037 1255 2378 1326 dumtaxat
2426 1251 2507 1324 de
2560 1253 2876 1325 conviciis
3082 1262 3086 1264 ’
3170 1195 3175 1442 t

651 1353 1054 1452 loquuntur,
1124 1363 1199 1429 ut
1247 1356 1639 1428 scholiastes
1691 1356 1773 1427 ad
1823 1354 2093 1428 Plutum
2148 1357 2372 1429 1014.
2424 1362 2493 1429 et
2542 1352 2876 1450 leianus

657 1456 743 1528 ad
773 1456 1127 1530 Demosth.
1178 1481 1280 1530 or.
1333 1456 1416 1529 de
1468 1481 1611 1529 cor.
1656 1459 1743 1556 ξ.
1776 1460 1899 1532 ll.
1933 1481 2003 1553 p.
2044 1460 2213 1531 134.
2251 1456 2361 1528 ed.
2394 1454 2617 1527 Paris.
2669 1455 2878 1527 Ama-

654 1558 816 1631 bant
861 1560 959 1632 ita
1007 1559 1236 1631 ludere
1289 1558 1668 1655 quibusdam
1733 1559 1803 1629 in
1854 1559 2063 1632 sacris
2115 1556 2435 1632 Graeci..
2493 1554 2597 1628 Vt
2642 1583 2878 1657 γεφυ-
2923 1561 2926 1566 ’

656 1658 967 1788 ρισμοὺς
1014 1659 1510 1733 Eleusiniorum
1573 1668 1823 1732 taceam
1842 1712 1866 1752 ,
1932 1658 2154 1731 videat
2216 1659 2363 1755 quis
2427 1657 2769 1730 Photium
2804 1659 2877 1730 in

654 1757 918 1856 πήνια
980 1789 1052 1861 p.
1102 1765 1278 1839 538.
1345 1769 1415 1834 et
1473 1761 1873 1834 Pausaniam
1921 1760 2098 1833 VII.
2150 1764 2275 1852 27,
2348 1764 2471 1836 ll.
2591 1757 2736 1833 Sed
2789 1782 2875 1832 ne
2946 1795 2951 1800 ·

654 1864 1028 1936 cantio’num
1087 1864 1347 1960 quidem
1409 1863 1528 1934 illa
1595 1886 1743 1935 cum
1789 1863 1931 1940 risu
1980 1863 2447 1935 lacessentium
2496 1860 2742 1934 mentio
2792 1860 2875 1956 de

651 1962 863 2036 nihilo
917 1973 1058 2038 est·
1130 1973 1200 2038 et
1249 1965 1368 2037 has
1420 1965 1481 2036 si
1531 1965 1678 2060 quis
1729 1963 2102 2036 comoedias
2166 1964 2409 2061 lyricas
2460 1963 2594 2035 dici
2646 1947 2878 2035 volue-

652 2064 766 2157 rit,
817 2067 1152 2164 porrigam
1200 2066 1386 2186 ipse,
1451 2089 1835 2162 quamquam
1886 2089 2120 2137 vereor
2167 2089 2251 2137 ne
2301 2090 2431 2137 non
2483 2073 2874 2162 accepturus

558 2167 747 2239 llsit
793 2166 1201 2260 Boeckhius,
1266 2168 1405 2265 qui,
1456 2176 1533 2241 ut
1577 2167 1753 2240 infra
1801 2167 2166 2265 apparebit,
2219 2167 2487 2239 maioris
2538 2166 2875 2239 cuiusdam

654 2269 848 2364 lyrici
898 2270 1203 2342 carminis
1254 2271 1569 2368 speciem,
1623 2293 1813 2366 quam
1868 2269 2083 2341 brevis
2121 2268 2601 2360 cantiunculae,
2657 2268 2873 2342 animo

655 2372 985 2468 concepit.
1108 2370 1391 2444 Scilicet
1453 2395 1650 2468 quum
1714 2371 1946 2443 Attica
2004 2370 2125 2441 illa
2189 2393 2381 2466 quam
2444 2370 2875 2442 communiter

652 2473 1053 2545 comoediam
1103 2497 1409 2546 vocamus
1460 2482 1882 2563 nasceretur,
1955 2496 1994 2543 a
2045 2471 2248 2544 choro
2299 2471 2589 2568 phallico
2643 2480 2873 2543 canta·-

649 2573 844 2645 batur
892 2575 1113 2670 aliqua
1159 2574 1378 2646 brevis
1431 2575 1679 2666 cantio,
1733 2576 1966 2670 quibus
2012 2574 2181 2645 certi
2222 2573 2517 2645 homines
2546 2569 2874 2670 perstrin-

650 2681 988 2768 gerentur.
1091 2672 1291 2745 Circa
1339 2697 1481 2745 eam
1530 2675 1745 2770 primo
1796 2676 1947 2746 ioca
1996 2681 2066 2745 et
2113 2673 2395 2745 ludibria
2445 2698 2531 2749 ex
2574 2684 2872 2772 tempore

648 2773 972 2869 proiecta,
1021 2781 1258 2869 postea
1309 2782 1523 2845 antem
1575 2775 1825 2846 omisso
1874 2763 2004 2846 hoc
2052 2774 2202 2846 rudi
2250 2775 2402 2848 lusu
2450 2777 2626 2849 iusta
2668 2800 2874 2873 argn-

620 2880 867 2945 menta
916 2883 1070 2947 sunt
1119 2873 1441 2947 confecta.
1545 2872 1728 2967 Sed,
1803 2875 2336 2971 quemadmodum
2388 2902 2647 2975 semper
2697 2877 2871 2975 apud

651 2972 992 3068 Graecos,
1067 2997 1233 3072 quae
1296 2977 1508 3074 prima
1571 2975 1896 3048 elementa
1944 2976 2245 3071 fuerant,
2311 2986 2493 3051 tanta
2543 2980 2869 3077 religione

650 3084 910 3148 servata
972 3085 1163 3169 sunt,
1235 3086 1310 3150 ut
1375 3096 1497 3175 pro
1564 3086 1752 3173 parte
1817 3080 2192 3151 necessaria
2252 3080 2689 3173 haberentur,
2770 3081 2868 3153 sic

466 3178 480 3192 ⁶
631 3172 2435 3378 ·5:13355321111222221530‘532r32‘300fffi„⁰⁰32'⁸3{2⁹
2449 3184 2869 3357 zuissaffsse‘?

649 3406 790 3453 sum
843 3382 923 3454 ab
973 3384 1085 3474 iis,
1139 3382 1252 3478 qui
1302 3382 1385 3454 de
1436 3384 1776 3455 comoedia
1808 3384 2240 3480 scripserunt.
2342 3382 2530 3458 Satis
2572 3387 2741 3458 duco
2786 3386 2866 3458 de

644 3482 947 3579 plurimis
997 3508 1193 3555 unum
1244 3484 1614 3581 exemplum
1667 3485 2010 3576 attulisse,
2085 3486 2270 3558 cuius
2332 3486 2547 3583 ipsum
2607 3487 2865 3560 initium

499 3633 512 3648 κ
612 3581 785 3656 'rem
836 3583 1155 3679 declarat,
1205 3585 1672 3683 Aristophanis
1719 3587 1792 3659 in
1841 3586 2052 3659 Ranis
2098 3612 2168 3659 v.
2218 3590 2397 3665 416.

1246 3732 1617 3865 βούλεσθε
1666 3736 1855 3834 δῆτα
1902 3745 2112 3834 κοινῇ

1254 3835 1672 3938 σκωψωμεν
1707 3837 2182 3938 Ἀρχέδημον.

645 3973 1042 4062 Huiusmodi
1089 3990 1296 4088 igitur
1347 3992 1682 4064 cantiones
1732 3992 1929 4066 facile
1979 3993 2238 4066 credam
2278 3993 2358 4066 ab
2390 3995 2863 4091 Aeginetarum

645 4090 867 4166 choris
918 4115 1063 4165 esse
1116 4102 1439 4166 cantatas.
1560 4094 1756 4185 Quod
1819 4095 1879 4166 si
1928 4094 2309 4168 Boeckhius
2376 4122 2505 4170 non
2558 4097 2738 4169 aliud
2790 4120 2861 4169 se

644 4194 997 4267 discrimen
1046 4196 1341 4291 reperire
1392 4194 1580 4286 dicit,
1633 4219 1824 4292 quam
1872 4203 1947 4268 ut
1982 4196 2193 4289 chori,
2245 4199 2306 4270 si
2348 4197 2690 4271 dramatici
2730 4223 2862 4271 non

643 4295 928 4388 fuerint,
990 4295 1238 4369 fuerint
1282 4297 1513 4393 lyrici.
1582 4322 1714 4368 non
1766 4305 1869 4369 est
1916 4298 1985 4369 id
2042 4299 2303 4395 quidem
2351 4301 2533 4373 recte
2585 4295 2863 4374 conclu-

644 4422 789 4469 sum
803 4424 858 4470 ι·
892 4405 1246 4496 potuerunt
1309 4399 1482 4473 enim
1545 4424 1681 4472 non
1742 4400 1956 4473 solum
2018 4400 2214 4474 simul
2279 4408 2349 4475 et
2397 4401 2740 4478 dramatici
2790 4407 2859 4476 et
2948 4415 2967 4430 ·

653 374 787 442 m
1008 379 1109 439 ΒΕ
1150 375 1585 440 maenum
1627 375 2166 442 consonamque
2206 329 2504 437 ιᾷῑιιιοι.
2830 439 2837 445 .
