3192 4992
866 357 1454 460 musmones
1497 398 1974 462 ΡιΝιιΑιιιοΑιι.
2371 398 2537 465 ’133

312 564 584 656 liastes,
655 573 726 638 et
785 564 883 637 ita
945 563 1192 637 dictum
1254 564 1584 637 iudicatur
1631 562 1871 638 Istbm.
1920 563 2065 638 ΙΠ.
2114 561 2241 642 90.
2307 592 2530 642 verum

311 690 523 762 neque
569 666 755 737 illum
805 666 1023 738 locum
1075 674 1257 738 recte
1310 691 1383 738 se
1425 665 1676 739 babere
1727 665 2037 756 arbitror,
2089 692 2213 740 nec
2262 692 2531 766 compa-

310 768 447 838 rari
492 774 751 863 potest,
820 792 951 864 quo
1001 766 1385 854 Boeckhins
1436 792 1594 840 usus
1646 778 1788 858 est,
1857 770 2215 863 πιθῆσαι,
2281 794 2409 866 quo
2458 771 2530 843 in

157 897 169 914 =
309 868 508 940 verbo
561 881 871 941 constans
937 877 1040 941 est
1089 878 1157 940 et
1206 870 1478 966 propria
1531 869 1841 941 credendi
1890 869 2264 967 fidendique
2315 872 2533 943 notio.

309 970 532 1061 Quare
594 978 671 1042 ut
732 970 802 1047 in
871 971 998 1043 hoo
1046 966 1330 1065 Pytbico
1397 967 1682 1043 carmine
1736 970 2073 1042 defensum
2125 996 2165 1043 a
2215 996 2319 1044 me
2370 973 2532 1044 olim

306 1065 623 1171 γνώμαν
670 1068 927 1145 πιθών
975 1081 1195 1163 teneo,
1247 1072 1344 1143 ita
1393 1072 1609 1144 sentio
1662 1072 1859 1144 etiam
1910 1071 1992 1143 de
2025 1073 2146 1144 illo
2176 1071 2528 1164 Isthmico,

253 1179 266 1194 ‘
304 1171 504 1269 idque
539 1174 829 1246 metricis
873 1197 1128 1269 quoqne
1163 1173 1526 1244 rationibus
1571 1172 1916 1245 adductus.
1997 1171 2168 1245 Nam
2197 1199 2362 1271 quos
2402 1176 2526 1248 illo

303 1275 376 1345 in
425 1271 710 1346 carmine
747 1273 1130 1347 Boeckhins
1182 1274 1348 1346 dnos
1397 1274 1664 1346 ultimos
1715 1274 2073 1371 epodorum
2123 1299 2352 1348 versus
2404 1301 2528 1348 eo-

304 1373 453 1448 dem
516 1384 782 1472 praeter
846 1400 1040 1447 unam
1108 1376 1419 1471 syllabam
1482 1382 1691 1447 metro
1745 1376 2125 1468 constitnit,
2198 1401 2317 1449 eos
2366 1378 2523 1473 ego,

300 1475 733 1550 incisionibus
785 1487 1026 1568 motus,
1080 1477 1374 1573 singulos
1427 1500 1513 1547 ex
1563 1476 1814 1549 duobus
1850 1485 2152 1550 constare
2187 1479 2524 1551 existimo.

237 1646 250 1652 -
299 1578 411 1649 Ad
463 1602 576 1650 eas
626 1579 985 1660 incisiones
1037 1586 1109 1650 ut
1158 1578 1367 1674 magis
1421 1601 1615 1674 quam
1665 1578 1877 1650 adhuc
1924 1578 2170 1651 factum
2220 1588 2363 1652 erat
2414 1589 2521 1653 at-

300 1679 676 1779 tenderem,
758 1680 924 1751 illud
991 1704 1091 1751 me
1143 1679 1431 1770 monuit,
1506 1679 1722 1775 quod,
1798 1704 1992 1797 quum
2045 1681 2428 1753 observatae
2480 1707 2522 1753 a

296 1779 594 1853 Pindaro
648 1782 781 1853 sint
830 1781 1379 1872 constantissime,
1432 1780 1645 1853 sicubi
1694 1782 1914 1853 laesae
1956 1781 2396 1875 inveniuntur,
2447 1782 2520 1854 id

293 1882 441 1953 fere
491 1891 847 1984 metrorum
897 1882 1405 1973 correctoribus,
1460 1882 1693 1978 quibus
1743 1882 2081 1955 modorum
2122 1885 2521 1957 musicorum

293 1983 471 2055 ratio
535 1969 763 2080 ignota
827 1990 1006 2074 erat,
1086 1983 1498 2055 tribuendum
1564 1984 1890 2056 videatur.
2016 1983 2134 2056 Ex
2196 1984 2518 2058 Isthmico

296 2084 554 2182 quidem
607 2086 727 2157 illo
782 2086 1067 2158 carmine
1116 2108 1357 2182 ponam
1394 2086 1640 2182 prioris
1673 2086 1949 2159 istorum
1985 2111 2149 2182 quos
2190 2087 2330 2158 dixi
2366 2111 2520 2158 ver-

294 2211 481 2266 suum
533 2187 838 2283 exempla
888 2212 974 2259 ex
1028 2194 1338 2283 quattuor
1388 2186 1621 2283 epodis
1671 2188 1742 2259 in
1777 2187 1942 2262 duos
1978 2212 2207 2259 versus
2242 2188 2517 2281 divisoS,

294 2312 336 2359 a
387 2311 515 2384 qna
565 2289 715 2385 lege
768 2309 899 2360 nna
948 2295 1197 2360 tantum
1249 2287 1501 2383 epodus
1554 2288 1875 2362 discedit·

494 2468 566 2514 α.
638 2437 765 2514 καὶ
812 2434 1153 2534 ματρόθε
1190 2435 1769 2566 Λαβδακίδαισι

645 2537 1008 2633 σύννομοι
1025 2535 1347 2613 πλούτου
1369 2537 1772 2634 διεστειχον
1788 2545 2224 2638 τετραοριᾶν
2238 2533 2514 2622 πόνοις.

489 2641 572 2739 β.
643 2645 945 2767 τραχεῖα
993 2637 1220 2736 νιφὰς
1266 2638 1609 2734 πολεμοιο

640 2738 1022 2833 τεσσάρων
1064 2739 1371 2838 ἀνδρῶν
1409 2737 1790 2868 ἐρήμωσεν
1812 2735 2193 2838 μάκαιραν
2236 2738 2509 2816 ἑστίαν.

488 2873 562 2947 y.
631 2844 901 2942 ἔσφαλε
950 2871 1171 2938 τεχνα
1218 2838 1811 2939 καταμάρψαισῖ

638 2949 795 3018 ιστε
842 2943 1001 3041 μὰν
1049 2948 1371 3028 Αἴαντος
1419 2942 1659 3019 ἀλκὰν
1710 2941 2039 3043 φοινίαν,
2089 2971 2254 3020 ταν.

490 3044 567 3122 δ.
635 3045 858 3121 νίκαν
908 3042 1332 3173 ἀνεφάνατο
1381 3044 1681 3120 παίδων

638 3176 716 3221 τε
742 3145 1005 3248 τρίταν
1021 3143 1358 3247 πρόσθεν
1373 3148 1923 3246 κυβερνατῆρος
1941 3138 2503 3272 οἰακοστρόφου.

285 3300 368 3373 In
416 3301 649 3374 borum
701 3308 1074 3397 postremo,
1144 3299 1255 3395 qni
1306 3298 1406 3370 sic
1455 3323 1542 3370 ex
1592 3322 1738 3371 mea
1789 3296 2238 3369 emendatione
2290 3294 2504 3367 editus

286 3412 412 3495 est,
488 3403 547 3475 si
598 3403 706 3474 cni
756 3430 832 3475 τε
882 3403 952 3473 in
1001 3400 1329 3499 principio
1381 3401 1670 3497 positum
1722 3399 2067 3495 displicet,
2137 3397 2506 3469 meminerit

284 3506 353 3577 in
404 3504 657 3577 duobus
710 3503 903 3577 codd.
959 3504 1264 3575 omissam
1316 3525 1464 3573 esse
1516 3525 1659 3573 eam
1713 3501 2048 3590 voculam,
2099 3498 2167 3570 in
2221 3499 2501 3571 caeteris

284 3615 502 3679 autem
551 3631 674 3703 pro
726 3629 805 3677 ea
853 3601 992 3700 τὴν
1027 3605 1192 3701 legi.
1271 3602 1569 3676 Videtur
1590 3601 1921 3675 Pindarus
1952 3597 2081 3674 καὶ
2110 3600 2457 3697 scripsisse
2474 3601 2550 3674 :7

283 3708 479 3780 aliter
529 3708 702 3779 enim
766 3731 896 3778 non
963 3705 1368 3779 dubitassent
1431 3713 1687 3777 veteres
1753 3701 2202 3802 grammatici,
2282 3710 2501 3775 utrum

279 3834 475 3882 unam
523 3808 697 3880 inter
743 3832 986 3905 pueros
1037 3832 1121 3879 an
1171 3808 1332 3879 duas
1366 3806 1689 3879 Melissus
1737 3806 2012 3901 adeptus
2062 3811 2239 3876 esset
2283 3803 2499 3876 victo-

279 3912 441 3984 rias.
541 3909 672 3983 His
721 3909 950 3982 metris
999 3933 1156 3983 vero
1207 3917 1570 4007 repugnat,
1638 3906 1815 4005 quod
1876 3907 1946 3977 in
1998 3914 2232 4000 quarta
2280 3904 2494 4004 epodo

279 4013 563 4111 legitnrz

485 4165 745 4261 Θηβᾶν
796 4160 941 4236 ἀπὸ
991 4159 1382 4258 Καδμεϊᾶν
1431 4187 1620 4257 μορ-

477 4264 738 4365 φὰν)
685 4261 1000 4364 βραχύς,
1049 4262 1309 4361 ψυχὰν
1358 4261 1434 4340 δ’
1494 4254 2490 4460 ἄκὲἰιᾶιτοὸῗγὲιέοςπαλαίσων
