3192 4992
640 334 1035 431 mvl'rA'no
1075 334 1181 396 AB
1223 332 1917 409 INAUGURATIONEM
1955 334 2358 400 AUGUSTEI.
2478 330 2612 419 109

242 520 255 531 “
379 503 579 579 factis
627 500 754 576 sibi
803 501 1043 575 famam
1090 509 1163 575 et
1209 501 1490 600 gloriam
1531 501 1937 599 pepererint,
1986 524 2114 576 nec
2141 502 2403 595 decere,
2455 502 2610 600 qui·

381 605 848 678 busmaiorem
892 603 1249 701 possimus,
1300 604 1619 676 minorem
1646 603 1987 700 impertire
2017 604 2361 678 bonorem.
2462 603 2607 678 Cu·-

379 707 653 779 randum
712 705 939 804 potius
1003 729 1191 793 esse,
1256 713 1332 778 ut
1392 704 1749 797 faciamus,
1817 705 1988 802 quod
2040 707 2227 803 ipsos
2274 705 2472 798 illos,
2543 705 2607 779 si

326 872 330 881 ,
383 809 700 899 viverent,
757 806 1153 925 probaturos
1201 831 1334 880 non
1385 806 1858 879 dubitaremus.
1957 805 2127 880 Nam
2177 830 2453 905 magnos
2503 807 2608 879 vi·-

381 932 494 982 ros
545 909 904 981 abhorrere
967 909 1049 980 ab
1097 908 1230 980 ista
1284 908 1607 1000 vanitate,
1683 915 1756 980 ut
1805 931 1880 980 se
1930 908 2252 982 columnis
2302 916 2417 981 aut
2466 916 2609 981 sta-

379 1011 514 1084 tuis
561 1010 966 1083 immortales
1014 1032 1165 1082 esse
1217 1010 1458 1082 velint·
1538 1008 1784 1082 factis
1777 1034 1921 1082 eos
1937 1061 1961 1102 ,
2004 1010 2227 1111 ’sicuti
2290 1034 2486 1107 quum
2535 1010 2610 1083 in

286 1181 315 1215 ,
377 1112 506 1185 hac
553 1112 706 1184 luce
755 1110 1207 1203 versabantur,
1258 1110 1455 1184 etiam
1497 1118 1812 1184 avocatos
1854 1135 1944 1185 ex
1980 1135 2061 1184 ea
2093 1112 2316 1183 vivere
2346 1119 2609 1208 optare.
2675 1108 2684 1115 ’

378 1213 601 1287 Huius
662 1236 825 1309 ergo
888 1213 989 1284 rei
1050 1213 1140 1285 iis
1203 1213 1460 1308 copiam
1521 1211 1840 1310 praebere
1854 1263 1881 1305 ,
1944 1212 2015 1285 id
2065 1236 2214 1285 esse
2263 1211 2484 1286 facere
2535 1219 2611 1286 ut

381 1321 664 1413 pergant
713 1315 961 1405 vivere,
1013 1337 1297 1411 vereque
1347 1314 1502 1387 sint
1528 1315 1970 1387 immortales·
1949 1367 1970 1402 ,
2022 1314 2192 1387 banc
2235 1314 2474 1387 iustam
2526 1336 2610 1387 ac

383 1416 649 1512 dignam
699 1417 1010 1513 pietatem
1062 1439 1248 1505 esse3
1300 1416 1471 1489 banc
1508 1416 2188 1489 convenientissimam
2222 1424 2292 1489 et
2324 1415 2609 1488 maxime

324 1557 335 1565 ·
383 1517 691 1590 decoram
738 1517 1268 1591 testificationem
1318 1518 1617 1590 honoris.
1717 1516 1952 1616 Neque
1985 1540 2143 1589 vero
2179 1517 2384 1589 ullum
2427 1515 2611 1588 aliud

384 1642 595 1716 genus
643 1620 1069 1711 monumenti,
1123 1619 1296 1715 quod
1349 1627 1580 1691 nostra
1631 1620 1891 1716 quidem
1925 1626 2110 1691 aetas
2144 1619 2404 1714 erigere
2443 1643 2611 1716 pos-

386 1721 515 1812 sit,
580 1728 713 1813 tam
764 1719 1019 1792 firmum
1073 1744 1220 1793 esse
1272 1744 1352 1793 ac
1401 1720 1802 1792 diuturnum.
1902 1719 2073 1794 Nam
2125 1728 2391 1792 caetera
2439 1729 2612 1793 tem·

383 1845 551 1919 pore
598 1822 940 1918 paullatim
990 1821 1285 1895 consumi
1334 1845 1415 1894 ac
1464 1821 1785 1894 deformia
1832 1820 2019 1894 fieri.
2072 1845 2156 1894 ex
2211 1845 2340 1918 quo
2392 1821 2609 1917 sequi,

385 1930 463 1995 ut
509 1931 624 1995 aut
673 1929 983 2014 corruant
1043 1932 1156 1994 aut
1205 1946 1243 1994 e
1295 1923 1657 2021 conspectu
1718 1923 2048 1996 bominum
2110 1932 2606 1996 removeantur.

386 2046 474 2095 ex
518 2048 654 2119 qua
701 2047 776 2095 re
827 2031 1045 2095 autem
1093 2024 1349 2096 utilitas
1399 2025 1469 2096 in
1511 2025 1842 2097 civitatem
1872 2024 2219 2116 redundet,
2272 2046 2415 2096 eam
2444 2048 2611 2097 con·-

384 2124 673 2216 servari,
724 2124 966 2196 muniri
1015 2125 1332 2197 adversas
1380 2125 1761 2217 interitum,
1824 2125 2126 2223 adaptari
2173 2123 2656 2222 temporibus,7

384 2249 584 2321 saepe
635 2225 833 2298 etiam
883 2226 1301 2322 amplificari,
1352 2233 1428 2298 ut
1476 2226 1645 2299 baec
1694 2226 2063 2299 certissima
2093 2227 2185 2298 sit
2218 2226 2610 2345 minimeque

385 2326 586 2399 dubia
632 2326 806 2399 ratio
856 2326 1346 2423 perpetuandae
1396 2328 1791 2400 memoriae:
1860 2327 2015 2424 quin
2064 2327 2287 2418 etiam,
2339 2327 2399 2399 si
2436 2326 2612 2399 forte

387 2426 739 2523 aliquando
791 2437 1139 2502 senescant
1188 2428 1353 2501 talia
1402 2438 1516 2501 aut
1563 2430 1919 2520 intereant,
1971 2438 2213 2519 tamen,
2267 2428 2421 2500 dum
2470 2436 2614 2500 sta-

386 2538 562 2621 rent',
614 2529 808 2601 utilia
857 2528 1100 2603 fuisse.
1152 2539 1487 2627 postremo
1531 2530 1996 2628 praestabilius
2036 2554 2211 2622 esse,
2265 2528 2440 2627 quod
2482 2529 2615 2601 ali-

255 2718 261 2725 ,
389 2629 719 2728 quamdiu,
772 2655 964 2727 quam
1017 2632 1189 2728 quod
1241 2655 1587 2728 numquam
1639 2631 1988 2730 profuerit.
2093 2648 2098 2661 “

589 2731 720 2805 His
768 2733 873 2804 illi
923 2732 1128 2805 ferme
1177 2735 1644 2830 argumentis,
1686 2733 2119 2831 probabiliter
2165 2755 2361 2824 sanc,
2416 2755 2616 2805 caus-

389 2858 529 2906 sam
580 2858 763 2906 suam
816 2834 1195 2907 defenduut.
1310 2834 1542 2931 Neque
1601 2842 1794 2928 vcro,
1860 2835 1974 2931 qui
2037 2835 2235 2906 aliter
2296 2834 2614 2925 sentiunt,
2665 2855 2673 2867 ·

391 2960 521 3007 non
573 2936 852 3027 babent,
920 2937 1095 3032 quod
1160 2936 1298 3008 illis
1351 2944 1715 3033 opponant.
1815 2938 1922 3009 Ac
1970 2937 2183 3033 primo
2235 2936 2414 3007 aliud
2465 2958 2616 3007 esse
2705 2990 2719 3003 .

391 3037 657 3128 dicunt,
726 3038 787 3108 si
851 3039 1020 3134 quis·
1046 3037 1193 3134 ipse
1245 3039 1353 3110 vel
1404 3038 1773 3110 aedilicium
1824 3037 2196 3134 publicum,
2266 3034 2459 3132 quod·
2491 3058 2618 3107 ex-

392 3138 750 3230 struxerit,
829 3139 938 3210 vel
989 3139 1169 3210 alind
1220 3138 1374 3235 quid
1425 3139 1506 3210 ab
1558 3162 1707 3211 sese
1756 3139 2128 3212 institutum
2177 3161 2265 3211 ex
2316 3161 2438 3209 suo
2489 3162 2620 3209 no-

392 3241 566 3313 mine
616 3241 941 3337 appellari
993 3240 1176 3313 velit.
1292 3237 1464 3313 Nam
1527 3240 1597 3312 id
1635 3236 1843 3312 'recte
1900 3262 2181 3336 vereque
2231 3261 2621 3311 monumen-

341 3415 356 3422 ,
392 3351 529 3414 ιιιιιι
579 3366 729 3414 esse
780 3342 949 3432 eius,
1002 3365 1045 3413 a
1093 3366 1223 3438 quo
1274 3343 1364 3415 sit
1402 3342 1795 3439 profectum,
1848 3341 2043 3412 etiam
2072 3339 2131 3412 si
2160 3364 2286 3412 nec
2314 3363 2620 3436 magnum

395 3444 486 3515 sit
533 3467 658 3516 nec
707 3442 1145 3541 splendidum.
1243 3442 1389 3515 Alii
1439 3467 1596 3515 vero
1650 3442 1708 3515 si
1757 3442 1914 3538 quid
1963 3441 2336 3514 huiusmodi
2384 3441 2454 3512 iu
2500 3465 2622 3513 cu·-

392 3544 673 3640 iuspiam
739 3545 1054 3617 honorem
1117 3544 1399 3636 faciant,
1471 3544 1670 3617 etiam
1734 3545 1795 3616 si
1864 3543 2334 3642 amplissimum
2399 3542 2488 3614 sit
2551 3549 2622 3614 et

395 3646 925 3742 splendidissime
988 3656 1386 3736 exornetur,
1467 3670 1549 3718 ne
1616 3645 1790 3720 dici-
1814 3643 2078 3742 quidem
2139 3652 2320 3716 recte
2386 3667 2622 3715 monu-

394 3756 680 3820 mentum
743 3771 944 3846 posse
1008 3749 1191 3839 eius,
1279 3749 1467 3820 cuius
1531 3771 1770 3819 nomen
1834 3754 2067 3843 gerat:
2139 3753 2622 3818 mouumentum

397 3850 566 3922 enim
618 3849 689 3920 id
741 3872 930 3939 esse,
997 3849 1172 3945 quod
1222 3857 1433 3922 totum
1484 3850 1678 3920 unice
1727 3848 2079 3921 memoriae
2131 3847 2624 3919 conservandae

398 3953 488 4023 sit
537 3951 967 4038 destinatum3
1035 3951 1152 4023 alii
1201 3951 1302 4023 rei
1353 3952 1413 4023 si
1461 3950 1817 4041 inserviat,
1872 3950 2116 4046 agnitis
2168 3948 2620 4043 confessisque

399 4052 674 4144 meritis,
714 4053 1015 4150 ⁴speciem
1067 4054 1369 4149 praetexi
1418 4052 1859 4144 monumenti,
1926 4050 2239 4124 memoria
2287 4050 2357 4122 iu
2406 4051 2670 4129 nomi-8

400 4154 505 4226 nis
556 4154 1176 4227 sonum-conclusa.
1276 4153 1496 4227 Porro
1547 4178 1682 4227 non
1734 4176 1822 4224 ex
1875 4151 2095 4243 fonte,
2167 4175 2256 4224 ex
2320 4176 2449 4248 quo
2501 4150 2624 4223 de·-

403 4256 578 4351 beat,
633 4267 874 4347 ortum,
930 4281 1016 4333 ne
1066 4257 1198 4329 vim
1250 4255 1512 4352 quidem
1565 4279 1748 4348 eam,
1801 4278 1994 4352 quam
2044 4254 2303 4345 debeat,
2356 4252 2627 4326 babere.

403 4356 568 4430 Nam
622 4359 782 4455 poni
831 4364 1244 4435 monumenta
1295 4357 1775 4450 admirationis,
1824 4355 2291 4449 venerationis,
2342 4355 2625 4453 gratiae,
2723 4416 2731 4453 ·.
