3192 4992
608 350 738 420 m
841 343 846 354 '
1171 399 1176 406 .
1405 354 1518 413 nn
1579 352 2031 417 ArLANTE.

609 525 1004 594 manent-m
1066 518 1310 593 habore
1373 518 1459 591 ad
1526 518 2052 616 cognoscendam
2113 517 2406 592 indolem
2468 526 2837 615 temporum

610 629 764 693 ante
812 619 1203 694 Homerum.
1302 619 1496 693 Haec
1544 644 1704 693 vcro
1755 620 2176 694 ratiocinatio
2225 644 2350 717 per
2388 643 2464 692 se
2501 617 2841 717 ipoa‘oor-

472 773 488 793 ,
610 724 746 794 ruit
767 747 790 793 ε
852 746 1001 793 nam
1051 745 1177 794 nec
1228 722 1738 795 demonstratum
1790 732 1896 795 est
1944 731 2059 795 aut
2108 722 2545 794 demonstrari
2592 723 2837 820 potuit,

413 815 436 846 χ
561 824 907 919 9ignotam
956 822 1252 902 Homero
1304 823 1564 895 fabulae
1617 824 2005 896 sententiam
2057 824 2289 914 fuisse,
2346 846 2559 919 neque
2607 832 2840 897 osten-

609 949 760 997 sum
827 933 934 997 est
993 924 1290 998 Atlantis
1360 925 1584 1019 effigie
1657 926 1942 1020 aliquam
2013 925 2211 997 animi
2281 925 2662 1020 patientiam
2725 925 2838 996 vel

608 1026 1153 1122 tranquillitatem
1204 1027 1728 1122 repraesentari3
1779 1029 1976 1099 immo
2028 1050 2196 1123 quac
2248 1028 2312 1098 ei
2353 1026 2456 1097 rei
2484 1024 2839 1098 ostenden-

612 1128 736 1199 dae
786 1128 991 1198 allata
1041 1137 1217 1218 sunt,
1272 1128 1432 1199 talia
1483 1151 1634 1200 csse
1688 1128 1990 1219 vidimus,
2041 1138 2118 1201 ut
2168 1136 2291 1201 n'ec
2338 1151 2462 1226 per
2486 1126 2835 1222 imaginem

608 1228 805 1301 istam
856 1229 1157 1324 cuiquam
1221 1229 1288 1300 in
1341 1238 1620 1301 mentem
1674 1230 1899 1302 venire
1963 1230 2261 1327 possint,
2335 1238 2404 1302 et
2466 1228 2618 1325 ipsa
2664 1229 2837 1301 inter

612 1354 686 1402 se
739 1338 1071 1426 pugnent3
1123 1354 1247 1402 nec
1295 1330 1575 1426 denique
1628 1340 2012 1425 argumenta
2062 1332 2322 1428 prolata
2373 1339 2550 1421 sont,
2605 1331 2837 1426 quibus

612 1430 1027 1522 efficeretur,
1090 1438 1165 1502 ut
1215 1432 1567 1505 simulacra
1618 1434 1915 1504 Atlantis
1963 1434 2333 1529 antiquiora
2381 1431 2624 1503 fabulis
2674 1456 2842 1528 poc·

611 1541 823 1605 tarum
890 1532 1095 1604 fnisse
1160 1542 1275 1606 aut
1339 1557 1487 1605 esse
1554 1534 1851 1629 potuisse
1915 1534 2356 1607 crederemus.
2456 1532 2839 1623 Postremo,

610 1633 866 1729 inquit,
931 1635 1063 1706 ista
1127 1658 1317 1729 quam
1367 1633 1702 1706 Homerus
1765 1635 1925 1707 fecit
1988 1635 2248 1707 fabulae
2307 1634 2581 1707 mutatio
2634 1634 2844 1707 docu-

611 1742 897 1807 mentum
950 1745 1053 1808 est
1104 1737 1247 1807 eius
1298 1737 1603 1828 rationis,
1657 1760 1785 1832 qua
1836 1746 2035 1833 poeta
2084 1738 2202 1808 illc
2255 1737 2556 1832 antiquas
2588 1735 2840 1808 fabulas

612 1860 737 1933 pro
790 1860 913 1907 suo
945 1836 1191 1908 iudicio
1224 1838 1551 1932 refingere
1593 1839 2035 1911 consueverit.
2138 1836 2308 1911 Hoc
2296 1861 2581 1933 quoquc
2610 1847 2841 1934 aperte

612 1937 850 2008 falsum
902 1945 1031 2028 est,
1084 1936 1239 2033 quia
1289 1962 1368 2010 an
1423 1940 1673 2035 aliquid
1727 1941 2070 2013 mutaverit
2118 1937 2451 2052 Homerus
2501 1939 2573 2011 in
2598 1939 2843 2012 Atlan-

613 2039 705 2110 tis
754 2038 978 2110 fabula
1027 2063 1151 2111 nec
1200 2040 1444 2111 scimus
1495 2065 1621 2112 nec
1668 2041 1840 2112 scire
1890 2065 2266 2138 possumus.

817 2138 1060 2213 Patere
1112 2165 1201 2212 ex
1252 2140 1354 2213 his
1407 2142 1636 2232 credo,
1688 2142 1817 2214 hoc
1866 2142 2060 2215 modo
2109 2166 2234 2214 nec
2267 2142 2349 2214 de
2375 2139 2651 2214 Atlante
2699 2141 2842 2215 dis-

614 2241 972 2339 putandum
1024 2242 1257 2334 fuisse,
1312 2267 1525 2339 neque
1569 2245 1799 2315 ullam
1816 2244 2010 2315 aliam
2047 2253 2333 2317 veterem
2372 2243 2841 2315 fabulamesse

615 2343 1100 2439 explicandam.
1199 2344 1470 2416 Accidit
1520 2346 1664 2417 viro
1716 2345 2202 2432 eruditissimo,
2272 2345 2447 2441 quod
2497 2345 2569 2416 in
2618 2345 2841 2417 multis

615 2443 1137 2517 animadvertere
1187 2446 1349 2518 licet
1385 2445 1785 2541 mythologis
1827 2456 2022 2543 atque
2059 2446 2541 2542 archaeologis,
2591 2454 2668 2518 ut
2709 2447 2841 2543 ipsi

611 2545 868 2641 aliquid
933 2571 1055 2642 pro
1121 2548 1331 2619 lubitu
1383 2572 1503 2619 suo
1551 2548 1976 2653 confingant,
2056 2548 2253 2645 idque
2319 2547 2554 2620 deiude
2618 2548 2853 2644 pravis

616 2645 1296 2740 interpretationibus,
1350 2672 1477 2720 non
1530 2658 1714 2720 recte
1763 2637 2123 2721 intellectis
2172 2649 2605 2740 testimoniis,
2672 2650 2842 2722 male

618 2746 952 2818 conclusis
1018 2747 1380 2818 rationibus
1453 2748 1802 2820 defendere
1871 2750 2201 2823 studeant.
2329 2750 2524 2842 Quod
2589 2751 2651 2822 si
2712 2751 2855 2823 hoc·

618 2846 815 2920 modo
866 2845 1033 2918 nihil
1083 2847 1467 2966 proficitur,
1541 2873 1820 2946 quanam
1869 2852 1998 2922 alia
2049 2851 2479 2924 incedendum
2533 2853 2638 2924 via
2687 2853 2839 2944 erit,

620 2954 697 3018 ut
747 2946 905 3043 quid
973 2947 1110 3020 veri
1157 2950 1561 3022 simillimum
1616 2951 1706 3024 sit
1754 2952 2196 3025 inveniamus.
2178 2947 2214 3005 Ρ
2313 2952 2460 3072 Ea,
2531 2955 2841 3044 arbitror,

621 3072 811 3145 quam
865 3049 1013 3145 ipsa
1061 3051 1159 3122 rei
1212 3061 1446 3123 natura
1496 3062 1566 3125 et
1615 3052 1787 3126 ratio
1837 3063 2182 3146 monstrat,
2234 3062 2310 3129 ut
2356 3055 2568 3152 primo
2615 3052 2843 3127 videa-

563 3175 832 3241 rums,
873 3151 1029 3247 quid
1094 3153 1586 3248 antiquissimus
1639 3161 1882 3227 auctor
1943 3155 2315 3230 tradiderit.
2347 3158 2413 3255 ²)
2494 3154 2590 3229 Is
2638 3157 2845 3255 igitur

624 3249 873 3349 Odyss.
924 3251 991 3325 I.
1039 3256 1168 3329 48·
1216 3254 1384 3327 hacc
1432 3256 1666 3328 habet.

829 3398 1015 3476 ἀλλά
1064 3432 1193 3497 μοι
1243 3404 1439 3502 αμφ’
1484 3403 1804 3502 Ὀδυσῆϊ
1849 3405 2205 3506 δαὶφρονι
2253 3403 2630 3483 ‹inierat-¹³
2568 3438 2795 3537 ητορ,

827 3500 1200 3604 δυςμόρῳ,
1252 3505 1332 3591 ὃς
1364 3505 1458 3604 δὴ
1493 3505 1701 3604 δηθὰ
1746 3506 1988 3607 φίλων
2028 3510 2173 3584 ἄπο
2212 3507 2515 3607 πήματα
2555 3506 2842 3607 πάσχει,

800 3792 861 3874 ²)
917 3796 1111 3855 Contra
1151 3797 1250 3856 hae
1222 3818 1281 3854 ec
1322 3805 1495 3857 monet
1536 3797 1809 3856 Heffterus
1848 3802 1903 3856 in
1946 3819 2132 3857 censui·
2106 3820 2164 3858 ra
2215 3820 2267 3877 Ρ.
2312 3798 2456 3861 288.
2498 3822 2601 3859 non
2645 3817 2846 3878 semper

630 3882 1044 3956 antiquissimum
1088 3896 1345 3941 auctorem
1385 3888 1541 3942 etiam
1583 3884 1809 3944 fabulam
1852 3884 2042 3941 referre
2085 3890 2512 3962 antiqiiissimam‚
2555 3885 2843 3944 Hesiodum

547 4033 550 4038 Δ
632 3974 802 4024 autem
848 3974 1022 4040 aperte
1062 3951 1353 4044 antiquiora
1393 3967 1562 4026 trader
1536 3986 1592 4025 re
1635 3967 1700 4024 de
1741 3966 1982 4039 Atlante,
2042 3978 2102 4027 ιιι
2142 3979 2231 4045 qui
2272 3972 2572 4047 simpliciter
2613 3991 2729 4029 eum
2771 3971 2843 4028 fa·

632 4057 735 4110 ciat
777 4050 974 4108 caelum
1017 4055 1300 4122 sustinere,
1363 4072 1519 4129 quum
1562 4052 1876 4110 Homericus
1916 4052 2070 4112 Atlas
2120 4063 2291 4113 teneat
2331 4057 2615 4126 columnas,
2657 4076 2723 4114 ne
2765 4067 2843 4113 ca·

633 4135 776 4193 dant.
861 4134 921 4193 Si
963 4138 1245 4212 simplicior
1285 4157 1405 4195 narr
1379 4140 1510 4195 ratio
1553 4140 1812 4212 antiquior
1853 4147 1963 4207 est,
2018 4139 2134 4209 alii,
2177 4140 2347 4212 credo,
2391 4149 2563 4217 aperte
2604 4141 2844 4199 Homeri·

633 4240 746 4278 cam
788 4222 1123 4297 antiquiorem
1168 4241 1286 4278 esse
1327 4224 1623 4280 censebunt.
1708 4222 1913 4279 Tenere
1934 4219 2205 4281 Atlantem
2239 4226 2506 4284 columnas
2549 4245 2613 4283 ne
2640 4223 2845 4295 cadant,

635 4305 699 4361 de
740 4324 838 4362 suo
880 4305 1035 4363 finxit
1071 4304 1359 4375 Hefftems,
1400 4311 1487 4384 qui
1528 4326 1582 4382 Ρ.
1621 4304 1771 4365 291.
1814 4326 1876 4364 eo
1918 4328 2225 4387 progressus
2268 4319 2364 4380 est,
2406 4319 2467 4368 ut
2504 4310 2844 4422 contenderet,

634 4382 752 4462 ἔχει
794 4408 862 4448 nc
901 4410 968 4467 Ρη
970 4408 1057 4447 sse
1099 4389 1303 4465 quidem
1346 4392 1496 4449 aliter
1534 4392 1777 4469 intelligi.
