3192 4992
891 364 1480 425 EMENDATIONES
1525 365 1997 429 PINDARICAE.
2136 371 2145 378 ’
2372 391 2379 402 ·
2436 367 2557 434 147

336 535 740 602 caeterarum
803 530 1192 626 epodorum
1226 532 1443 629 legem
1509 539 1579 603 et
1637 532 2000 606 invenustis
2049 536 2334 608 numeris
2388 539 2558 610 seri-

333 639 517 727 ptum
564 655 739 724 esse,

631 741 939 883 ἄφίκετο
988 777 1270 880 δόμους
1316 782 1961 882 θεμιςκρεόντωνὲ

331 930 503 1006 Illae
554 934 729 1007 enim
778 935 948 1007 hano
997 957 1364 1007 mensuram
1415 936 1699 1009 habent:

635 1084 676 1160 ὃ
728 1084 801 1161 δ’
862 1084 1271 1189 ἀρχαγέτας
1319 1084 1535 1162 ἔδωκ’
1597 1082 1993 1164 Ἀπόλλων.

330 1236 487 1311 Non
538 1238 983 1329 dubitandum,
1041 1239 1196 1338 quin
1230 1238 1558 1310 Pindarus
1589 1240 1934 1336 scripserit
1970 1240 2299 1337 ἀφῖκται.
2404 1243 2559 1315 Vna

332 1348 609 1432 tantum,
660 1342 779 1412 sed
830 1364 911 1412 ea
958 1342 1135 1411 iusta
1184 1342 1454 1432 solutio,
1505 1348 1582 1412 ut
1632 1342 1701 1412 in
1735 1343 1948 1440 prima
1988 1344 2294 1441 dipodiae
2330 1345 2555 1441 longa,

330 1441 400 1512 in
451 1442 580 1515 hoe
629 1442 918 1514 carmine
959 1441 1300 1514 invenitur
1349 1466 1414 1513 v.
1467 1442 1593 1516 91.
1644 1444 1895 1540 (122.)

636 1588 1185 1691 ἀλεξιμβρότοις
1231 1589 1555 1668 πεδιάδα
1604 1600 1950 1690 πομπαῖς.

532 1743 630 1816 V.
684 1747 808 1819 30.
862 1746 1055 1844 (39.)
1125 1770 1312 1842 seqq.
1381 1770 1574 1872 quum
1630 1746 1911 1839 dieitur,
1981 1742 2560 1847 ἀρισθάρματον

328 1843 565 1971 γέρας
598 1845 982 1943 ἀμφέβαλε
1043 1851 1325 1921 τεαῖσιν
1372 1841 1639 1942 κόιιαις
1688 1844 2080 1946 ἀκηράτοις
2132 1848 2375 1932 ἀνίαις
2423 1877 2560 1922 πο-

325 1943 1385 2148 ffasssswssff‘ssffssmffl‘gssss‘siiffz
1416 1948 1982 2146 Τξῖῗέοὲξοῖἓί
2044 1976 2396 2128 {¹321ssssss
2438 1954 2560 2127 ἒέἶῖ

328 2127 553 2224 Simili
603 2150 877 2223 audacia
928 2152 1101 2224 dixit
1150 2162 1350 2248 poeta
1375 2148 1653 2248 Olymp.
1687 2147 1903 2226 XIII.
1958 2158 2084 2229 37.
2139 2157 2334 2283 (54.)
2386 2153 2658 2251 τρία18

330 2251 509 2352 ἔργα
557 2249 933 2349 ποδαρκὴς
980 2250 1220 2349 ἁμέρα
1270 2254 1460 2347 θῆκε
1508 2249 1835 2327 κάλλιστ
1895 2254 2095 2352 ἇιιφὶ
2143 2252 2426 2349 κόμαις.

528 2351 628 2424 V.
679 2357 807 2428 34.
862 2356 1055 2452 (46.)
1109 2355 1358 2450 legitur
1405 2356 1478 2425 in
1525 2355 1860 2427 Boeekhii
1910 2357 2240 2429 editione.

1140 2501 1326 2577 ἀλλὰ
1372 2504 1732 2601 κρέμαται

635 2600 872 2678 ὁπόσα
912 2603 1275 2701 χεριαρᾶν

632 2701 1000 2782 τεκτόνων
1048 2704 1345 2780 δαίδαλ’
1406 2707 1617 2807 ἄγων

630 2811 992 2904 Κρισαῖον
1042 2803 1277 2906 λόφον

628 2909 945 3007 ἄμειψεν
993 2911 1075 2984 ἐν
1122 2906 1551 2985 κοιλόπεδον
1598 2905 1833 2993 νάπος

630 3012 856 3084 θεοῦ·
922 3006 1008 3083 τό
1062 3010 1193 3109 σφ’
1252 3011 1394 3105 ε’χει
1442 3010 1983 3138 κυπαρίσσινον

628 3109 1015 3209 μελαθρον
1066 3111 1258 3208 ἄμφ’
1318 3107 1711 3233 ἀνδριάντι
1762 3109 2057 3208 σχεδόν,
2128 3153 2133 3160 ·
2241 3197 2247 3205 ,

632 3219 909 3342 Κρῆτες
960 3211 1050 3288 ον
1095 3209 1487 3341 τοξοφόροι
1535 3212 1730 3314 τέγεϊ
1778 3211 2196 3310 Παρνασίω

630 3312 1047 3405 κάθεσσαν,
1095 3312 1231 3390 τὸν
1277 3310 1780 3414 μονόδροπον,
1832 3311 2098 3414 φυτόν.

328 3466 412 3539 In
460 3467 579 3539 his
633 3464 931 3541 δαίδαλ’
1004 3491 1090 3539 ex
1153 3492 1298 3539 mea
1348 3466 1800 3539 emendatione
1862 3469 2171 3565 positum
2213 3490 2336 3563 pro
2389 3464 2556 3539 δαι-

330 3566 683 3663 δάλματῗ
785 3563 897 3639 At
941 3568 1227 3641 nondum
1290 3580 1679 3688 persanatus
1746 3576 1850 3641 est
1913 3569 2024 3641 hie
2086 3592 2355 3660 versus,
2442 3571 2554 3665 qui
2691 3561 2699 3571 ⁸

333 3696 527 3768 quum
577 3671 650 3742 in
699 3670 978 3743 caeteris
1044 3670 1274 3767 epodis
1326 3694 1366 3741 a
1414 3672 1628 3767 primo
1679 3695 1932 3770 paeone
1983 3670 2297 3797 incipiat,
2368 3681 2552 3742 certo

331 3773 665 3845 aestimari
741 3796 940 3870 posse
1019 3774 1339 3863 arbitror,
1425 3772 1784 3844 Pindarum
1849 3766 2183 3845 τεκτόνια
2248 3768 2550 3946 δαίδαλο

332 3873 545 3976 ἄγων
594 3873 969 3970 scripsisse,
1020 3883 1093 3945 ut
1132 3881 1495 3970 χεριαρᾶν
1543 3900 1666 3971 pro
1711 3875 2116 3946 substantivo
2165 3882 2367 3967 esset,

331 3976 525 4049 modo
590 3976 803 4047 simile
877 3976 1260 4047 vocabulum
1319 3981 1752 4074 χαλκοαρᾶν
1813 3977 2038 4075 posuit
2099 3974 2340 4047 Isthm.
2446 3899 2550 4050 Πο

334 4080 457 4152 81.
511 4076 680 4173 (IV.
738 4080 938 4167 108.)
1041 4076 1304 4149 Deinde
1355 4103 1486 4149 non
1538 4079 1659 4164 ἐν,
1713 4077 1870 4170 sed,
1936 4086 2010 4149 nt
2059 4076 2547 4149 Ritterslmsius

333 4180 642 4270 coniecit,
715 4206 814 4252 αν
861 4174 1289 4253 κοιλόπεδον
1337 4176 1571 4260 νάπος
1618 4133 1809 4253 θεοῦ
1863 4179 2302 4252 scribendum.
2399 4178 2551 4250 Le-

334 4282 437 4376 git
482 4282 579 4352 ita
630 4280 1046 4372 scholiastes,
1101 4282 1215 4377 qui
1264 4282 1362 4354 sie
1409 4281 1720 4407 scripsit·
1795 4279 1979 4353 ἀλλὰ
2027 4305 2386 4403 κρεμαται
2424 4307 2551 4361 και

221 4427 233 4442 ·
337 4379 726 4480 ἅνιέρωται
775 4389 883 4479 τῷ
921 4378 1352 4472 Ἀπόλλωνι,
1406 4377 1644 4457 ὁπόσα
1692 4388 1852 4457 τῶν
1894 4387 2060 4465 ταῖς
2102 4379 2362 4480 χερσὶν
2414 4379 2549 4483 o‘cp-

2035 4498 2166 4566 K2
