3192 4992
609 352 740 421 264
1305 356 1415 415 DE
1449 353 1751 416 GRAECA
1790 353 2154 415 MINERVA.

613 529 772 597 τῶν
818 518 946 595 καὶ
970 514 1291 616 Λῆμνόν
1328 547 1503 595 ποτε
1533 518 1665 596 καὶ
1696 515 2030 616 Ἀθήνας
2062 522 2478 618 Τυρσηνῶν
2499 513 2847 614 οἰκησάν-

613 650 793 698 των.
894 622 1374 695 Habitaveraut
1421 624 1597 695 enim
1644 622 1796 720 ipsa
1843 623 2042 695 etiam
2088 621 2162 694 iu
2209 622 2373 693 urbe
2412 620 2849 714 Athenarum,

618 750 701 798 eo
752 724 1014 797 scilicet
1063 732 1383 822 tempore,
1436 749 1565 821 quo
1617 748 1843 796 murus
1890 725 2013 795 ille
2063 724 2166 794 ab·
2183 722 2270 794 iis
2302 730 2409 794 est
2440 730 2849 795 exstructus.

615 825 798 900 Eum
864 826 1192 923 duplicem
1270 826 1512 899 fecisse
1576 827 1706 898 visi
1765 833 1930 897 sunt
1992 822 2089 897 Ο.
2151 823 2450 897 Miillero
2511 824 2583 895 in
2640 823 2847 916 libro,

619 952 814 1025 quem
861 952 1073 1023 nuper
1122 926 1205 998 de
1255 928 1672 999 munimentis
1713 927 2123 999 Athenarum
2169 925 2378 998 edidit
2424 950 2499 1021 p.
2533 928 2609 999 2.
2657 925 2849 998 cuius

618 1030 721 1101 rei
770 1027 1021 1100 nullum
1084 1037 1306 1101 exstat
1356 1029 1828 1102 testimonium.
1929 1027 2077 1100 Nec
2141 1027 2331 1122 quod'
2367 1052 2442 1123 p.
2493 1029 2568 1100 3.
2620 1027 2851 1099 conie-
2897 1089 2902 1092 ,

619 1139 799 1203 ctum
848 1138 978 1220 est,
1027 1128 1372 1227 Ephorum
1423 1130 1596 1227 apud
1647 1126 2043 1204 Strabonem
2092 1127 2237 1200 IX.
2300 1153 2373 1227 Ρ.
2422 1131 2603 1203 401.
2652 1152 2851 1225 quum

620 1230 708 1305 τὸ
761 1229 1230 1331 Πελασγικὸν
1293 1232 1464 1303 dixit
1525 1230 1747 1328 μέρος
1806 1238 1938 1327 τῆς
1986 1225 2300 1319 πόλεως,
2370 1229 2546 1303 arcis
2595 1237 2849 1327 partem

620 1333 911 1428 intelligi
938 1334 1253 1424 voluisse,
1304 1333 1502 1405 facile
1548 1335 1697 1430 quis
1729 1333 1857 1405 sibi
1895 1333 2274 1429 persuaderi
2310 1332 2628 1429 patietur.
2708 1327 2849 1403 Sed

621 1433 874 1531 scripta
919 1434 1086 1507 haec
1132 1434 1549 1507 festinantius
1615 1459 1764 1508 esse
1817 1434 2107 1507 ostendit
2155 1434 2382 1506 eadem
2431 1434 2678 1530 pagina
2724 1456 2847 1528 pro

619 1534 875 1607 Avibus
901 1536 1371 1632 Aristophanis
1410 1538 1744 1608 nominata
1777 1534 2156 1632 Lysistrata
2192 1544 2261 1607 et
2293 1534 2597 1606 Pollucis
2633 1532 2850 1606 octavi

619 1636 776 1708 libri
827 1640 910 1735 ᾧ.
971 1640 1142 1712 104.
1194 1663 1317 1734 pro
1375 1641 1547 1726 101.
1669 1637 1902 1712 Locus
1954 1661 2255 1733 quoque,
2328 1645 2458 1731 quo
2509 1636 2850 1706 habitave-

619 1746 773 1810 rant
821 1738 940 1810 sub
991 1763 1206 1830 muro,
1259 1740 1473 1811 dictus
1521 1737 1612 1812 τὸ
1662 1734 2158 1839 Πελασγικόν.
2265 1737 2700 1832 Thucydides
2747 1733 2847 1810 II.

624 1843 750 1914 17.
811 1834 901 1912 τό
947 1866 1027 1912 τε
1077 1838 1550 1940 Πελασγικὸν
1597 1836 2061 1935 καλούμενον
2107 1837 2197 1912 τὸ
2244 1836 2391 1913 ὑπὸ
2437 1835 2578 1934 τὴν
2625 1832 2851 1934 ἀκρό-

621 1946 877 2026 πολιν,
957 1940 998 2012 ὃ
1060 1940 1189 2015 καὶ
1250 1937 1626 2038 ἐπάρατόν
1689 1969 1768 2014 τε
1829 1937 1928 2036 ἦν
1989 1939 2094 2037 μὴ
2151 1944 2379 2014 οἰκεῖν
2424 1936 2556 2014 καί
2601 1966 2677 2012 τι
2724 1936 2852 2013 καὶ

622 2043 986 2115 Πυθικοῦ
1062 2040 1418 2139 μαντείου
1483 2038 2035 2136 ἅκροτελεύτιον
2108 2037 2400 2117 τοιόνδε
2476 2035 2848 2127 διεκώλυε,

620 2141 838 2243 λέγον
898 2140 1002 2226 ὥς
1036 2141 1148 2217 ’τὸ
1200 2144 1671 2245 Πελασγικὸν
1739 2143 1978 2245 ἀργὸν
2026 2144 2375 2238 ἄμεινον,
2454 2141 2659 2238 ὅμως
2701 2138 2847 2216 ὑπὸ

619 2250 752 2339 τῆς
799 2251 1255 2341 παραχρῆμα
1298 2241 1625 2347 ἀνάγκης
1666 2242 2025 2343 ἐξῳκήθη.
2129 2245 2532 2319 Coniectura
2582 2245 2662 2317 de
2696 2267 2852 2316 ora-

560 2371 569 2380 *
626 2346 764 2418 culi
812 2369 1009 2418 versu
1058 2349 1427 2444 speciosior
1477 2372 1671 2445 quam
1721 2372 1878 2421 vera
1925 2349 2188 2445 prolata
2237 2355 2342 2419 est
2389 2370 2431 2418 a
2470 2344 2533 2420 F
2535 2345 2856 2418 ritzschio.

573 2444 695 2521 ssin
731 2448 1007 2538 Quaest.
1045 2450 1394 2546 Aristoph.
1445 2475 1518 2547 p.
1564 2453 1685 2524 13.
1738 2449 2183 2522 Exsecratum
2233 2473 2379 2520 eum
2430 2449 2651 2521 locum
2693 2459 2849 2520 'esse
2949 2523 2952 2526 ,

626 2550 927 2646 expulsis
977 2550 1149 2645 quod
1201 2552 1495 2622 insidiati
1521 2551 2038 2623 Atheniensibus
2090 2558 2314 2623 essent
2343 2549 2654 2647 Pelasgis
2697 2572 2855 2620 nar-

625 2658 734 2721 rat
783 2650 1201 2721 scholiastes.
1304 2649 1681 2723 Videantur
1727 2676 1892 2747 ergo
1955 2654 2170 2749 primo
2221 2675 2309 2723 ex
2357 2652 2521 2723 urbe
2572 2651 2656 2723 ad
2699 2649 2854 2745 Hy-

626 2756 899 2821 mettum
951 2749 1271 2842 submoti,
1329 2761 1484 2847 post
1531 2753 1731 2848 plane
1783 2776 1931 2825 esse
1982 2753 2273 2849 expulsi.
2373 2754 2588 2844 Qum
2639 2752 2859 2824 vindi-

630 2858 801 2922 ctam
866 2851 1300 2946 sumpserint,
1372 2861 1643 2925 narrant
1703 2852 2086 2928 Herodotus
2138 2853 2274 2926 VI.
2330 2858 2504 2929 137.
2575 2878 2718 2951 seq.
2783 2860 2856 2925 et

630 2951 1021 3023 scholiastes
1070 2949 1361 3025 Luciani
1412 2953 1495 3023 ad
1548 2949 1898 3052 Gataplum
1955 2961 2026 3031 l.
2078 2955 2177 3028 T.
2226 2954 2292 3027 Ι.
2343 2981 2415 3054 p.
2465 2958 2644 3032 620.
2693 2954 2855 3046 Me·

628 3052 820 3124 minit
871 3054 1208 3149 utriusque
1259 3054 1685 3128 habitationis
1735 3057 2022 3132 breviter
2070 3055 2318 3132 Strabo
2369 3057 2513 3129 IX.
2563 3082 2636 3156 Ρ.
2672 3060 2851 3131 401.

633 3178 673 3226 e
721 3154 1007 3228 Boeotia
1047 3156 1345 3228 Athenas
1394 3156 1717 3255 profugos
1767 3157 2020 3231 dicens.
2120 3158 2382 3232 Lemno
2433 3167 2652 3232 autem
2701 3182 2856 3230 rur-

634 3280 778 3328 sum
828 3256 1064 3330 cedere
1129 3257 1346 3330 coacti
1408 3266 1562 3330 sunt
1628 3282 1668 3329 a
1716 3258 2065 3333 Miltiadez
2135 3262 2216 3333 de
2282 3286 2411 3358 qua
2459 3285 2534 3333 re
2585 3260 2856 3356 scripsit

631 3357 1017 3437 Herodotus
1064 3357 1243 3430 VII.
1299 3362 1444 3435 137
1471 3357 1576 3415 -’-
1612 3364 1786 3435 140.
1834 3360 2027 3435 Haec
2075 3386 2233 3435 vero
2285 3363 2508 3435 omnia
2551 3386 2685 3435 non
2735 3386 2858 3434 co·

634 3460 1013 3555 gnationem
1061 3451 1562 3533 Atheniensium
1611 3486 1759 3534 cum
1782 3461 2118 3559 Pelasgis,
2171 3464 2288 3536 sed
2337 3464 2561 3561 potius
2611 3487 2856 3561 perpe-
2915 3465 2924 3472 ”

635 3571 819 3640 tuum
866 3570 943 3633 ut
990 3560 1165 3642 inter
1216 3562 1514 3635 diversae
1570 3564 1846 3661 originis
1896 3566 2181 3661 populos
2234 3566 2453 3638 odium
2503 3572 2854 3637 testantur.

837 3662 955 3752 At,
1008 3663 1260 3759 inquiat
1311 3665 1497 3761 quis,
1549 3664 1656 3743 illi
1706 3666 1820 3763 qui
1868 3692 2119 3745 murum
2168 3667 2683 3743 Atheniensibus
2733 3691 2857 3738 ex-
2975 3685 2978 3694 ·

639 3769 1023 3837 struxerunt
1068 3764 1345 3862 Pelasgi
1407 3791 1541 3839 non
1592 3776 1850 3840 veteres
1912 3769 2019 3839 illi
2084 3769 2197 3865 qui
2262 3770 2694 3841 communiter
2755 3767 2868 3862 sie¹

646 3874 996 3963 vocantur,
1070 3867 1186 3939 sed
1238 3867 1602 3966 Tyrrheni*
1622 3861 1901 3966 Pelasgi
1949 3870 2171 3942 fueret
2243 3879 2553 3968 patetque
2605 3870 2678 3942 id
2725 3894 2856 3942 non

642 3966 852 4038 solum
904 3989 994 4038 ex
1044 3968 1457 4065 Thucydidis
1507 3994 1676 4065 quae
1726 3996 1927 4068 supra
1976 3973 2178 4043 allata
2228 3981 2380 4044 sunt
2431 3972 2688 4063 verbis,
2740 3970 2858 4043 sed

642 4069 1068 4164 cognoscitur
1117 4071 1313 4142 etiam
1365 4071 1653 4146 aliunde.
1766 4072 2131 4145 Pausanias
2181 4072 2245 4144 I.
2300 4077 2438 4164 28,
2492 4077 2566 4148 3.
2632 4080 2723 4167 τῇ
2775 4068 2859 4145 δὲ

645 4165 1065 4266 ἀκροπόλει,
1150 4170 1338 4267 πλὴν
1406 4171 1586 4253 ὅσον
1646 4171 1913 4268 ,Κίμων
1982 4170 2459 4272 ᾠκοδόμησεν
2530 4173 2757 4270 αὐτῆς
2818 4170 2858 4245 ὃ

642 4267 1100 4360 Μιλτιάδου,
1149 4274 1574 4370 περιβαλεῖν
1621 4274 1708 4360 τὸ
1758 4275 2015 4358 λοιπὸν
2063 4276 2343 4378 λέγεται
2388 4282 2526 4352 τοῦ
2573 4273 2860 4372 τείχους

648 4368 1104 4480 Πελασγούς,
1154 4370 1591 4479 οἰκήσαντάς
1634 4405 1806 4457 ποτε
1837 4375 1985 4458 ὑπὸ
2017 4377 2158 4480 τὴν
2186 4374 2607 4480 ἀκρόπολιν.
2670 4373 2860 4477 φασὶ
