3192 4992
747 365 848 424 DE
889 364 1321 428 TRAGOEDLA
1364 313 1904 431 coMoEmAaUE
1946 367 2243 429 LYRICA.
2477 368 2608 434 213

385 530 541 602 lmat
576 525 846 620 Suidas,
897 528 1228 603 Pindarus
1280 540 1498 606 autem
1548 530 1816 625 lyricus
1845 523 2072 624 fuerit,
2125 558 2257 606 non
2304 535 2603 630 potuisse

380 631 543 702 istas
586 627 976 703 dramatieas
1010 656 1159 703 esse
1202 631 1608 728 tragoediae,
1660 633 1779 704 sed
1815 633 2121 707 debuisse
2155 635 2399 731 lyricas
2426 626 2624 710 esse(

376 730 650 823 Rectius
704 732 965 827 quidem
1017 733 1182 805 haec
1230 733 1648 806 ratiocinatio
1697 735 2036 830 procedite
2104 736 2224 808 sed
2253 736 2597 810 admodum

374 831 575 903 debili
624 832 861 905 nititur
907 833 1395 922 fundamento„
1453 833 1751 906 Primum
1801 836 1974 907 enim
2017 861 2149 909 non
2185 837 2425 932 lyricas
2457 847 2599 916 tra-

370 933 671 1029 goedias,
725 934 845 1006 sed
894 930 1244 1031 δράματα
1283 932 1626 1037 τραγικά,
1679 937 1806 1008 hoc
1857 946 1961 1010 est
2010 937 2402 1011 dramatieas
2454 948 2597 1012 tra-

356 1033 673 1129 ·goedias,
727 1043 1010 1108 testatur
1060 1036 1332 1128 suidas,
1384 1048 1458 1110 ut
1506 1038 1625 1110 ille
1677 1038 1861 1135 prius
1910 1039 2158 1111 erroris
2205 1041 2598 1114 insimulan-

368 1134 493 1207 dus
543 1136 658 1227 sit,
712 1161 903 1233 quam
944 1138 1191 1233 lyricae
1226 1139 1493 1235 prodire
1531 1139 1913 1235 tragoediae
1942 1141 2226 1236 possint.
2327 1141 2593 1215 Deinde

367 1260 568 1329 vero,
622 1246 696 1310 ut
742 1239 810 1310 in
837 1240 1306 1336 “appellatione
1358 1241 1677 1313 erraverit
1726 1238 2013 1332 suidas,
2085 1265 2239 1314 num
2291 1250 2435 1316 tota
2480 1248 2594 1316 res

309 1337 334 1366 ⁸
366 1360 526 1410 vera
578 1332 735 1412 est?
831 1339 1003 1412 Nam
1054 1366 1173 1414 cur
1221 1366 1441 1414 veram
1494 1366 1641 1414 esse
1693 1335 2038 1415 creditur?
2138 1343 2312 1435 Quia
2360 1342 2594 1418 Simo-

363 1439 556 1511 uides
609 1465 867 1537 quoque
919 1451 1115 1538 atque
1158 1442 1602 1539 Empedocles
1653 1444 2029 1539 tragoedias
2081 1445 2430 1542 scripsisse
2483 1445 2593 1518 di·
2730 1449 2735 1460 ¹

366 1550 632 1613 cuntur.
732 1546 825 1614 At
876 1568 956 1615 eo
1010 1569 1141 1616 non
1193 1544 1479 1618 efficitur
1529 1553 1604 1617 ut
1651 1546 1997 1642 scripserit
2044 1544 2415 1637 Pindarus,
2468 1547 2591 1619 sed
2682 1558 2710 1565 “

362 1650 441 1713 ut
492 1643 785 1717 seribere
833 1646 1163 1741 potuerit,
1216 1646 1276 1718 si
1325 1669 1480 1717 vera
1530 1647 1704 1738 sint,
1772 1671 1938 1743 quae
1990 1646 2072 1718 de
2123 1645 2467 1721 Simonide
2518 1654 2591 1721 et

226 1805 235 1823 ,
360 1740 776 1840 Empedocle
824 1756 1197 1819 narrantur.
1239 1747 1244 1754 ’
1300 1746 1485 1837 Quae
1548 1773 1682 1820 nou
1750 1771 1905 1821 vera
1966 1772 2115 1820 esse
2167 1773 2247 1821 eo
2299 1749 2590 1821 credibi-

359 1844 496 1916 lius
549 1855 690 1939 est,
743 1847 918 1943 quod
965 1848 1186 1921 nullus
1238 1848 1407 1921 alius
1459 1850 1749 1946 scriptor
1798 1872 2066 1946 usquam
2119 1849 2394 1922 istarum
2444 1860 2589 1923 tra-

358 1946 746 2041 goediarum
795 1950 1187 2022 mentionem
1239 1949 1438 2041 fecit,
1512 1974 1725 2047 neque
1776 1952 1983 2023 ullum
2033 1975 2120 2023 ex
2172 1952 2312 2023 ulla
2361 1973 2586 2025 earum
2711 1943 2719 1950 “

358 2070 401 2117 a
452 2071 777 2145 quoquam
826 2049 1259 2147 fragmentum
1311 2060 1416 2123 est
1463 2055 1818 2150 prolatum.
1918 2051 2028 2126 De
2062 2051 2338 2125 Pindari
2366 2056 2588 2126 autem

354 2152 722 2245 tragoediis
790 2175 869 2223 eo
923 2153 1131 2223 maior
1196 2161 1300 2224 est
1349 2154 1596 2228 erroris
1649 2153 1982 2249 suspicio,
2056 2153 2231 2249 quod
2276 2178 2491 2249 neque
2542 2176 2588 2225 a

354 2248 629 2323 Thoma
675 2252 1010 2348 Magistro
1075 2256 1147 2325 in
1195 2254 1331 2325 vita
1382 2255 1563 2345 eiuS,
1633 2279 1845 2349 neque
1907 2255 1980 2325 in
2029 2255 2165 2325 vita
2215 2278 2302 2326 ex
2352 2249 2632 2352 codice5

351 2349 873 2425 Vratislaviensi
924 2354 1101 2426 edita
1154 2352 1501 2450 quidquam
1553 2354 1635 2425 de
1675 2355 2038 2449 tragoediis
2073 2354 2390 2450 scriptum
2442 2355 2582 2428 esta

351 2462 557 2549 atque
610 2462 807 2550 auget
856 2455 1025 2526 hanc
1074 2455 1321 2526 erroris
1372 2456 1812 2552 suspicionem
1862 2456 2009 2551 ipse
2058 2477 2366 2527 numerus
2414 2456 2588 2528 ista-

337 2576 500 2626 'rum
568 2554 1093 2650 tragoediarum,
1173 2556 1289 2651 qui
1353 2563 1464 2629 est
1519 2556 1692 2628 idem
1761 2580 1908 2628 cum
1973 2556 2267 2629 omnium
2305 2553 2586 2629 Pindari

349 2656 755 2752 scriptorum
804 2680 1100 2729 numero.
1200 2654 1371 2729 Nam
1422 2665 1490 2730 et
1538 2655 1786 2731 Suidas
1828 2655 2280 2752 Eudociaque,
2310 2681 2585 2730 enume-
2641 2677 2655 2691 '

344 2756 678 2829 rationem
728 2758 1122 2854 scriptorum
1151 2756 1427 2829 Pindari
1457 2759 1581 2830 his
1634 2757 1849 2831 verbis
1900 2757 2249 2855 incipiunt,
2301 2758 2583 2858 ἔγραψε

346 2854 424 2931 δ’
485 2859 573 2931 ἐν
620 2855 940 2954 βιβλίοις
988 2855 1076 2947 ιζ
1110 2856 1395 2953 Δωρίδι
1444 2856 1801 2953 διαλέκτῳ
1847 2863 2110 2945 ταῦτα,
2164 2867 2233 2931 et
2284 2860 2418 2931 vita
2458 2879 2580 2933 eo-

341 2959 523 3031 dicis
552 2958 1126 3051 Vratislaviensis,
1178 2959 1501 3060 γέγραφε
1552 2958 1634 3034 δὲ
1678 2956 1942 3054 βιβλία
1984 2958 2166 3032 ἑπτὰ
2197 2958 2324 3032 καὶ
2357 2958 2536 3034 δέκα
2546 2990 2581 3049 ,-

334 3083 561 3157 eaque
612 3060 684 3133 in
734 3062 868 3133 vita
919 3086 1141 3132 omnes
1204 3062 1307 3132 illi
1357 3062 1823 3157 septemdecim
1884 3060 2039 3131 libri
2091 3060 2401 3157 deinceps
2450 3087 2583 3135 no-

334 3163 674 3234 minatim.
701 3171 1188 3233 enumerantur.
1285 3161 1487 3259 Apud
1537 3160 1813 3236 Suidam
1877 3185 2035 3234 vero
2088 3171 2157 3233 et
2206 3160 2577 3235 Eudociam

337 3288 479 3336 nec
526 3288 834 3336 numerus
884 3264 944 3335 is
996 3272 1139 3354 est,
1193 3263 1305 3359 qui
1355 3288 1501 3336 esse
1556 3264 1786 3354 debet,
1855 3286 2066 3358 neque
2120 3261 2282 3335 ordo
2331 3263 2581 3355 iustus,

342 3365 598 3439 omissa
651 3366 846 3438 etiam
910 3374 1098 3462 parte
1164 3365 1596 3462 epiniciorum
1646 3364 2059 3460 additisque,
2127 3372 2393 3460 praeter
2439 3363 2576 3437 ista

342 3460 704 3564 δράματα
750 3463 1065 3566 τραγικὰ
1116 3463 1231 3555 ιζ,
1282 3466 1770 3562 epigrammatis
1823 3465 2030 3562 epicis
2072 3474 2140 3536 et
2175 3465 2575 3556 admonitio-

341 3570 543 3641 nibus
596 3568 681 3639 ad
711 3566 1013 3642 Graecos
1066 3591 1265 3664 prosa
1316 3568 1619 3640 oratione
1665 3568 1959 3664 scriptis.
2060 3564 2243 3638 Hinc
2280 3566 2393 3662 qui
2428 3591 2579 3639 me-

342 3669 652 3761 minerit,
722 3693 888 3766 quae
936 3671 1007 3740 in
1058 3668 1307 3742 Suidae
1370 3669 1543 3742 libro
1596 3694 1683 3742 ex
1736 3669 1933 3740 variis
1997 3667 2573 3764 grammaticorum

345 3771 878 3845 adnotationibus
929 3780 1247 3868 congesta
1295 3778 1448 3841 sunt
1499 3794 1690 3867 quam
1724 3778 1968 3841 temere
2000 3792 2198 3865 saepe
2235 3768 2370 3841 sint
2401 3794 2572 3842 oon-

345 3873 498 3945 fusa
548 3883 615 3946 et
665 3873 1074 3964 conturbata,
1124 3871 1298 3943 haud
1337 3871 1548 3943 'facile
1594 3871 1954 3943 adducetur
2001 3878 2075 3943 ut
2124 3869 2245 3942 tali
2294 3879 2570 3958 auctore

345 3975 725 4071 tragoedias
776 3982 963 4071 putet
990 3973 1281 4046 Pindaro
1334 3973 1797 4045 adscribean
1848 3995 2025 4062 esse,
2075 3971 2315 4067 easque
2367 3972 2568 4064 adeo,

350 4101 546 4172 quum
574 4085 790 4149 tamen
820 4071 1170 4173 δράματα
1208 4074 1533 4166 dicantur,
1585 4075 1851 4170 lyricas.
1951 4071 2189 4164 Immo,
2228 4072 2361 4144 nisi
2387 4073 2570 4146 forte

347 4177 506 4270 ille,
579 4177 1110 4275 quemadmodum
1175 4178 1377 4248 alium
1430 4177 1765 4271 quemdam
1816 4173 2215 4265 Pindarum,
2281 4173 2563 4268 lyricum

350 4280 633 4375 quidem,
685 4280 892 4371 novit,
943 4279 1038 4350 ita
1088 4278 1285 4349 etiam
1333 4278 1694 4375 ignobilem
1723 4279 2005 4374 aliquem
2033 4275 2355 4372 tragicum
2387 4272 2563 4347 Pin-

348 4381 574 4456 darum
622 4388 1046 4468 memoratum
1093 4378 1383 4474 invenit,
1460 4381 1730 4478 eiusque
1792 4377 2169 4477 tragoedias
2217 4375 2412 4449 claro·
2449 4375 2563 4451 illi
