3192 4992
762 392 861 451 ιιιι
904 387 1237 458 eumuna
1277 385 1654 463 molemus
1695 390 2128 454 rosunum.
2476 354 2585 455 so'

354 582 518 655 quae
566 557 841 631 honesta
889 566 959 632 et
1005 558 1312 631 liberalia
1360 557 1580 630 studia
1608 579 1755 630 esse
1796 557 2217 656 putabantur,
2268 557 2627 656 praemio]

349 661 689 756 proposito
754 660 834 732 ad
903 661 1392 733 contentionem
1451 668 1994 758 provocarentur.
2108 659 2305 751 Quod
2368 684 2564 758 quum

350 761 429 831 ab
478 762 563 832 iis
613 762 903 858 cepisset
949 762 1246 855 initium,
1318 763 1433 861 qui
1483 762 1718 858 opibus
1767 762 2098 858 pollentes
2146 762 2252 832 vel
2301 759 2564 833 filiabus

344 863 618 934 maritos
670 872 1062 959 quaererent
1106 865 1531 956 fortissimos,
1582 863 1693 935 vel
1740 862 1935 934 funus
1966 861 2247 959 insignis
2282 863 2409 933 viri
2440 862 2566 934 ho-

215 994 230 1008 *
342 986 581 1035 morare
638 965 904 1057 vellent,
956 990 1113 1037 mox
1160 966 1259 1038 ita
1305 965 1684 1064 percrebuit
1730 988 1855 1061 per
1904 987 2156 1036 omnem
2182 961 2563 1055 Graeciam,

342 1071 419 1135 ιιι
467 1066 585 1136 vix
633 1067 772 1137 ulla
821 1067 1054 1139 civitas
1102 1068 1541 1157 inveniretur,
1616 1089 1783 1164 quae
1846 1087 1979 1137 non
2042 1065 2251 1152 festos
2301 1065 2445 1136 dies
2498 1075 2569 1137 et

343 1165 667 1238 solemnia
715 1192 906 1241 sacra
945 1169 1227 1266 publicis
1272 1169 1734 1241 certaminibus
1768 1167 2158 1240 celebraret.
2258 1164 2404 1238 Nec
2431 1174 2567 1237 tam

344 1265 429 1337 de
477 1268 924 1364 magnitudine
973 1270 1289 1367 praemii,
1361 1294 1554 1367 quam
1618 1269 1700 1340 de
1750 1269 1968 1365 gloria
2017 1268 2424 1357 certabatur,
2490 1276 2569 1345 ut

340 1367 485 1440 fere
553 1371 664 1466 qui
730 1370 1015 1472 ἀγῶνες
1070 1376 1517 1467 χρηματῖται
1580 1371 1983 1443 vocabantur
2042 1369 2256 1441 minus
2306 1370 2567 1441 nobiles

344 1478 572 1542 essent
639 1496 831 1567 quam
897 1475 1329 1569 στεφανῖται
1388 1472 1534 1564 illi,
1606 1473 1677 1544 in
1743 1472 1976 1569 quibus
2042 1472 2188 1543 sola
2251 1494 2289 1542 e
2355 1470 2566 1542 sacris

342 1570 687 1644 frondibus
740 1597 984 1645 corona
1034 1574 1301 1646 daretur
1347 1572 1735 1647 victoribus.
1836 1572 1943 1645 Ac
1992 1571 2189 1646 facile
2240 1571 2569 1668 intelligi-

341 1683 480 1761 tur,
535 1681 937 1771 quantopere
984 1674 1054 1745 id
1105 1674 1465 1749 accendere
1509 1677 1761 1748 animos
1795 1674 2095 1746 debuerit
2128 1673 2211 1744 ad
2244 1695 2569 1745 exercen-

343 1774 466 1845 das
520 1775 957 1871 colendasque
1008 1783 1185 1848 artes
1235 1801 1386 1869 eas,
1462 1778 1697 1873 quibus
1762 1776 1910 1873 quis
1969 1784 2039 1847 et
2089 1775 2216 1847 sibi
2262 1783 2335 1847 et
2383 1774 2569 1871 genti

343 1899 507 1947 suae
558 1885 628 1948 et
670 1878 925 1995 patriae
976 1900 1289 1950 summam
1335 1879 1597 1952 laudem
1633 1886 2089 1972 aeternamque
2121 1876 2357 1950 famam
2403 1900 2570 1972 pos-

343 1986 452 2049 set
500 1979 863 2074 acquirere.
966 1977 1280 2052 Omnium
1330 1989 1547 2053 autem
1595 1981 1879 2053 maxime
1939 1978 2320 2051 admirabile
2368 1970 2619 2049 insti-4

339 2087 556 2150 tutum
593 2080 732 2152 fuit
778 2080 972 2172 illud,
1024 2105 1153 2176 quo
1203 2081 1431 2154 Pisam
1482 2084 1553 2155 in
1603 2081 1807 2155 Elide
1858 2080 1939 2151 ad
1990 2080 2182 2152 ludos
2217 2078 2570 2176 Olympia-

341 2200 460 2253 cos
512 2189 750 2254 cuncta
797 2182 1230 2255 conveniebat
1280 2182 1594 2257 Graecia.
1716 2182 1896 2276 Quid
1959 2183 2131 2253 onim
2180 2181 2389 2253 maius
2438 2204 2570 2277 po-

337 2283 471 2354 tnit
539 2290 652 2354 aut
713 2284 1040 2357 illustrius
1090 2285 1502 2381 excogitari,
1574 2307 1764 2380 quam
1835 2282 2157 2356 eiusmodi
2208 2290 2566 2374 certamen,
2624 2295 2637 2303 “

340 2384 522 2480 quod
589 2385 890 2502 quoniam
956 2385 1301 2457 universae
1355 2384 1684 2459 Graeciae
1738 2401 2076 2456 commune
2143 2392 2321 2454 esset
2368 2391 2567 2478 atque

336 2487 420 2557 ab
483 2487 768 2558 omnium
820 2484 1182 2557 civitatium
1232 2486 1500 2558 advenis
1552 2494 1622 2558 et
1671 2493 1981 2582 ageretur
2031 2491 2100 2554 et
2131 2492 2567 2580 spectaretur,

336 2587 664 2659 victorem
713 2587 811 2658 ita
858 2586 1271 2678 nobilitabat,
1319 2589 1381 2659 is
1430 2596 1508 2660 ιιι
1557 2595 1626 2660 et
1675 2590 1821 2683 ipse
1871 2594 1941 2658 et
1985 2608 2148 2681 gens
2193 2586 2335 2659 eius
2372 2596 2441 2658 et
2469 2585 2571 2657 ci·-

337 2688 518 2760 vitas
568 2696 775 2760 totam
826 2710 1173 2784 superasse
1202 2639 1557 2761 Graeciam
1594 2695 1976 2786 putaretur.
1960 2681 1996 2740 Ρ
2093 2686 2571 2783 Inventumque

341 2788 549 2859 etiam
610 2790 721 2884 qui
782 2790 1144 2907 praemium
1213 2789 1452 2862 dabant
1515 2790 1842 2862 iudicibus
1892 2814 2129 2862 nomen
2180 2798 2322 2880 est,
2395 2787 2573 2884 quod

342 2889 734 2985 (lignitatem
786 2914 866 2963 ac
913 2883 1422 2986 magnitudinem
1478 2892 1633 2964 talis
1684 2891 2001 2964 victoriae
2038 2890 2571 2988 splendidissime

342 2991 745 3079 declararet,
797 3016 992 3087 quum
1043 2992 1204 3064 dicti
1236 3003 1389 3066 sunt
1428 2992 1684 3065 iudices
1715 2990 2070 3065 Graeciae.
2171 2990 2284 3064 Ita
2324 2992 2573 3065 factum

338 3100 479 3184 est,
532 3100 618 3162 nt·
654 3091 931 3163 victoria
958 3092 1353 3189 Olympiaca
1399 3095 1472 3168 in
1523 3117 1773 3166 summa
1820 3094 2142 3166 felicitate
2192 3117 2575 3166 numerare-

340 3204 486 3285 tur,
537 3191 933 3287 maximique
974 3196 1263 3266 honores
1297 3194 1808 3268 decernerentur
1850 3196 1938 3287 ei,
1993 3196 2127 3286 cui,
2177 3203 2255 3267 ιιι
2283 3195 2378 3267 ait
2401 3194 2574 3266 Pin-

347 3296 592 3386 darus,
658 3288 967 3388 ἀτρεκὴς
1004 3290 1516 3379 Ἑλλανοδίκας
1576 3291 1975 3424 γλεφάρων
2021 3290 2325 3393 ὑψόθεν
2375 3292 2575 3392 ἄμφι

349 3393 655 3493 κόμαισι
714 3390 937 3491 βάλοι
998 3393 1466 3496 γλαυκόχροα
1526 3394 1814 3491 κόσμον
1877 3394 2144 3479 ἐλαίας.
2278 3397 2576 3494 Vigebat

352 3508 604 3572 autem
621 3505 966 3592 tantopere
1015 3496 1144 3568 hoc
1195 3499 1489 3571 certandi
1533 3500 1846 3591 studium,
1896 3507 1972 3571 ut
2016 3524 2148 3572 non
2177 3500 2301 3572 viri
2331 3500 2571 3589 solum,

355 3600 476 3674 sed
526 3599 726 3671 etiam
774 3596 1227 3670 adolescentes
1279 3605 1474 3693 atque
1525 3601 1692 3673 adeo
1742 3602 1934 3698 pueri
1974 3625 2098 3698 pro
2144 3602 2381 3674 aetatis
2415 3624 2576 3697 gra-

355 3703 548 3773 dibus
598 3697 929 3772 commissi
976 3699 1047 3770 in
1096 3699 1496 3770 solemnibus
1542 3703 1719 3774 ludis
1769 3703 1851 3775 de
1880 3704 2173 3799 praemio
2216 3702 2576 3776 contende-

354 3811 531 3894 rent,
583 3801 852 3898 quique
874 3800 1159 3872 victores
1209 3799 1483 3872 iudicati
1534 3812 1777 3891 essent,
1831 3829 2060 3877 eorum
2108 3806 2370 3877 nomina
2399 3804 2576 3900 lapi-

358 3903 551 3977 dibus
598 3902 920 3997 inscripta
967 3902 1317 3973 memoriae
1347 3901 1761 3997 posteritatis
1802 3907 2239 3978 traderentur.
2340 3904 2574 4014 Neque

359 4029 478 4078 eae
517 4013 779 4076 tantum
829 4012 1032 4095 artes,
1087 4027 1251 4100 quae
1304 4003 1605 4122 eorporis
1647 4002 1895 4074 viribus
1925 4015 2037 4079 aut
2070 3997 2573 4098 exercitatione,

360 4129 754 4204 equorumve
804 4104 1241 4201 regendorum
1288 4105 1528 4201 peritia
1569 4104 2011 4196 continentur,
2064 4110 2183 4177 sed
2212 4111 2372 4183 illae
2407 4132 2576 4227 quo-

362 4233 574 4306 que,
597 4230 762 4306 quae
814 4207 1131 4279 scientiae
1181 4214 1376 4303 atque
1437 4207 1691 4302 ingenii
1741 4212 1934 4298 sunt,
1998 4207 2252 4279 musica
2297 4209 2577 4302 potissi-

360 4336 535 4383 mum
586 4319 655 4382 et
699 4309 925 4406 poesis
973 4308 1406 4406 recitatioque
1458 4308 1852 4399 carminum,
1923 4308 1995 4379 in
2044 4316 2375 4379 certamen
2425 4319 2579 4384 sunt

361 4411 760 4509 productae:
824 4419 901 4483 ut
944 4434 1082 4484 non
1130 4410 1363 4484 mirum
1409 4408 1552 4504 sit,
1578 4416 1765 4483 tanta
1810 4408 2101 4506 undique
2137 4407 2578 4483 aemulatione
