3192 4992
717 366 762 423 F
765 364 920 422 A’rA
961 362 1204 422 AIACIS
1245 363 1346 422 ET
1389 362 1666 422 TEUCRI
1711 362 2154 422 COMPLEXIS.
2413 361 2458 425 3
2497 360 2580 427 73

349 539 481 610 set„
502 528 900 625 Sophocles,
952 529 1178 601 nescio
1231 553 1310 599 an
1344 528 1741 624 Aeschylum
1796 528 2015 599 notari
2066 527 2156 600 sit
2186 529 2574 601 existiman-

349 633 524 703 dum.
625 631 846 726 Atque
898 656 1024 726 ego
1068 629 1473 726 Sophoclem
1514 640 1587 703 ut
1619 630 1892 703 Aiacem
1945 630 2265 701 scriberet
2316 654 2397 703 ea
2445 655 2573 726 po·-

346 734 596 804 tissime
648 756 883 804 caussa
934 733 1281 804 adductum
1330 739 1534 828 puto,
1602 740 1676 803 ut
1726 756 1797 802 se
1852 731 2186 801 meliorem
2236 730 2568 826 Aeschylo

343 831 601 930 poetam
656 859 804 905 esse
860 833 1260 905 ostenderet.
1362 831 1596 929 Neque
1651 835 1819 904 enim
1877 831 2388 903 obliviscendum
2440 841 2568 925 est,

344 936 403 1006 si
455 935 601 1032 quis
654 944 834 1006 recte
887 935 969 1004 de
1007 928 1289 1006 Graecis
1341 934 1704 1030 tragoediis
1756 933 2049 1005 iudicare
2098 934 2345 1024 studet,
2397 935 2570 1023 mul-5

342 1045 476 1108 tum
527 1044 596 1107 et
647 1036 729 1107 ad
782 1037 1170 1107 electionem
1196 1036 1614 1131 argumenti.
1643 1044 1711 1107 et
1762 1035 1844 1105 ad
1896 1035 2349 1107 tractationem
2405 1059 2569 1107 cou-

342 1138 574 1210 tulisse
628 1138 1127 1208 aemulationem
1176 1138 1399 1228 illam,
1456 1150 1623 1233 qu‘ae
1674 1137 1800 1208 fuit
1848 1135 2023 1207 inter
2071 1144 2303 1233 poetas
2355 1138 2569 1233 tragi-

342 1265 511 1329 cos,
538 1262 729 1334 quum
773 1248 853 1311 ,et
904 1240 1166 1311 vincere
1220 1239 1493 1334 quisque
1546 1263 1627 1310 ac
1676 1239 1925 1334 primus
1975 1237 2255 1323 iudicari
2305 1239 2371 1309 in
2418 1263 2568 1309 cer-

341 1341 581 1413 tamine
618 1348 913 1437 cuperet,
967 1348 1035 1411 et
1070 1341 1299 1436 augeri
1327 1341 1737 1436 intelligeret
1771 1338 2319 1411 existimationem
2352 1363 2566 1430 suam,
2603 1420 2626 1428 ἦ

236 1532 241 1541 ρ
341 1444 398 1512 si
465 1465 593 1537 quo
658 1442 730 1512 in
795 1451 1178 1537 argumento
1248 1443 1457 1538 magis
1531 1465 1725 1537 quam
1790 1449 1941 1511 ante
2008 1464 2156 1511 eum
2220 1442 2335 1512 alii
2387 1452 2566 1513 esset

339 1544 677 1638 probatus.
779 1544 999 1639 Atque
1051 1544 1117 1614 in
1169 1544 1379 1615 Aiace
1445 1542 1705 1639 quidem
1757 1550 2023 1638 praeter
2071 1542 2178 1632 id,
2255 1542 2424 1638 quod
2479 1541 2561 1619 de

339 1644 541 1716 choro
592 1645 844 1716 indicat
895 1646 1310 1736 scholiastes,
1368 1644 1496 1715 duo
1550 1645 1680 1715 alia
1733 1643 2077 1714 manifesta
2110 1644 2420 1715 habemus
2453 1645 2563 1715 iu-

339 1745 537 1836 dicia,
591 1769 677 1816 ex
729 1747 962 1840 quibus
1015 1770 1513 1842 cognoscamus,
1569 1746 1724 1842 quid
1767 1745 2013 1816 rectius
2055 1752 2251 1840 atque
2294 1746 2377 1817 ad
2415 1746 2562 1815 ani-

340 1873 479 1919 mos
543 1854 984 1942 spectatorum
1037 1848 1538 1921 commovendos
1591 1847 1970 1937 efficacius,
2040 1870 2229 1941 quam
2281 1855 2433 1918 aute
2485 1871 2559 1918 se

235 1939 244 1952 '
334 1948 701 2044 Aeschylus
752 1948 1045 2039 fecisset,
1097 1949 1391 2023 invenire
1443 1946 1820 2046 Sophocles
1871 1948 1962 2020 sit
2011 1956 2309 2020 conatus.
2408 1946 2561 2019 Eo-

334 2074 471 2119 rum
524 2073 720 2119 unum
774 2058 840 2121 et
889 2051 1302 2145 potissimum
1355 2059 1493 2140 est,
1555 2051 1732 2146 quod
1780 2051 1847 2120 iu
1902 2073 2100 2120 scena
2151 2058 2219 2121 et
2252 2073 2437 2144 ¹pene
2487 2051 2559 2121 iu
2620 2122 2622 2125 .

333 2159 689 2246 conspectu
753 2150 999 2222 theatri·
1062 2162 1210 2223 sese
1278 2152 1757 2223 interimentem
1833 2150 2051 2221 faeere
2115 2149 2386 2220 Aiacem
2454 2159 2558 2221 est

331 2275 554 2322 ausus.
655 2250 1026 2346 Aeschylus
1093 2253 1305 2342 enim,
1373 2253 1699 2348 quomodo
1763 2251 1882 2321 ille
1949 2275 2021 2322 se
2083 2250 2555 2342 interfecisset,

329 2377 451 2449 per
498 2353 803 2423 nuncium
855 2353 1091 2424 referri
1146 2354 1338 2425 fecit:
1407 2353 1578 2449 quod
1634 2352 1872 2424 vellem
1924 2353 2238 2422 sciremus
2280 2375 2555 2447 quara-

328 2450 510 2525 tione
560 2454 656 2524 ita
704 2454 1125 2544 instituisset,
1178 2462 1252 2525 ut
1303 2479 1459 2525 vero
1497 2480 1630 2526 uon
1667 2453 1984 2524 dissimile
2024 2452 2376 2543 videretur,
2429 2477 2554 2526 uec

329 2556 487 2627 testi
553 2555 752 2627 obiici
814 2557 1177 2651 potuisset,
1253 2556 1428 2651 quod
1490 2581 1625 2627 nun
1691 2555 2058 2627 obstitisset
2120 2578 2375 2625 manum
2429 2554 2552 2625 sibi

326 2648 661 2728 inferenti.
761 2657 1121 2728 Auctorem
1185 2657 1498 2729 habemus
1570 2657 1993 2730 scholiastam
2058 2655 2142 2725 ad
2191 2656 2420 2726 Aiacis
2487 2682 2552 2726 v,

327 2761 504 2833 815.
574 2752 989 2852 μετάκειται
1053 2755 1098 2853 ἦ
1165 2755 1393 2853 σκηνὴ
1459 2755 1578 2832 ἐπὶ
1639 2753 1915 2855 ἐρήμου
1984 2753 2185 2849 τινὸς
2239 2753 2552 2852 χωρίου,

260 2954 267 2955 7
326 2860 522 2933 ἔνθα
574 2856 614 2930 ὃ
641 2862 832 2940 Αἴας
881 2859 1309 2957 εὐτρεπίσας
1357 2858 1443 2932 τὸ
1495 2857 1710 2956 ξίφος
1754 2855 1968 2954 ῥῆσίν
2017 2884 2188 2931 τινα
2238 2856 2381 2952 πρὸ
2416 2866 2553 2934 τοῦ

325 2956 672 3036 θανάτου
705 2959 1172 3058 προφέρεται,
1209 2957 1360 3033 ἐπεὶ
1389 2966 1680 3061 γελοῖον
1710 2957 1805 3055 ἧν
1835 2958 2098 3055 κωφὸν
2126 2956 2552 3041 εἶςελθόντα

246 3090 261 3105 ·
326 3064 735 3158 περιπεσεῖν
783 3068 892 3156 τῷ
945 3061 1156 3159 ξίφει.
1236 3063 1388 3134 ἔστι
1453 3060 1534 3134 δὲ
1596 3060 1692 3133 τὰ
1756 3068 2102 3135 τοιαῢτω
2130 3059 2331 3154 παρὰ
2395 3065 2550 3142 τοῖς
2670 3085 2675 3089 ’

326 3168 662 3246 παλαιοῖς
710 3160 1021 3238 σπάνια·
1089 3158 1404 3236 εἰώθασι
1450 3160 1597 3263 γὰρ
1636 3159 1730 3235 τὰ
1762 3159 2237 3261 πεπραγμένα
2271 3159 2372 3233 δι’
2411 3161 2648 3260 ἀγ-12

323 3264 561 3365 γέλων
611 3263 1109 3365 ἀπαγγέλλειν.
1193 3263 1269 3337 τί
1321 3260 1460 3337 οὖν
1501 3263 1587 3337 τὸ
1625 3266 1903 3355 aium),-
1954 3257 2238 3359 φθάνει
2268 3257 2551 3354 Αἰσχύ-

327 3373 449 3448 λος
498 3369 580 3440 ἐν
636 3362 1003 3461 Θρῄσσαις
1070 3364 1206 3459 τὴν
1257 3363 1640 3463 ἀναίρεσιν
1688 3367 2012 3446 Αἴαντος
2074 3359 2172 3436 δι’
2233 3361 2548 3462 ἀγγέλου

326 3466 803 3568 ἀπαγγείλας·
869 3472 1053 3549 ἴσως
1100 3462 1236 3541 οὗν
1285 3469 1755 3560 καινοτομεῖν
1802 3459 2254 3562 βουλόμενος
2285 3461 2411 3536 καὶ
2442 3461 2547 3559 μὴ

322 3572 910 3642 κατακολουθεῖν
972 3573 1126 3650 τοῖς
1190 3569 1442 3664 ἑτέρου
1492 3564 1717 3655 τινός,
1767 3565 1896 3640 ὑπ’
1957 3566 2137 3663 ὄψιν
2187 3566 2409 3659 ἔθηκε
2457 3563 2545 3638 τὸ

323 3665 745 3768 δρώμενον·
812 3668 859 3765 ἢ
909 3677 1193 3762 μᾶλλον
1227 3673 1585 3766 ιἐκπλῆιζςαι
1631 3664 2118 3766 βουλόμενος·
2191 3670 2344 3762 εἰκῇ
2395 3665 2542 3767 γὰρ

256 3814 263 3821 ·
320 3777 777 3873 κατηγορεῖν
803 3770 1080 3870 ἀνδρὸς
1128 3779 1448 3845 παλαιοῦ
1498 3772 1636 3866 οὐχ
1686 3769 1915 3845 ὅσιον.

521 3875 867 3964 Alterum,
940 3899 1067 3970 quo
1121 3875 1558 3971 superandum
1609 3874 1737 3944 sibi
1784 3869 2182 3965 Aeschylum
2233 3893 2381 3953 esse
2432 3869 2542 3941 in-

290 3976 664 4073 'telligebat
692 3975 1091 4072 SophocleS,
1144 3977 1211 4046 in
1266 4002 1346 4047 eo
1400 3984 1503 4048 est
1553 3975 1864 4072 positum,
1921 3972 2094 4067 quod
2144 3971 2287 4060 ille,
2343 3996 2537 4066 quum

321 4077 486 4149 mira
537 4088 604 4151 et
651 4078 1063 4149 incredibilia
1115 4089 1399 4169 amaret,
1467 4078 1654 4147 illam
1704 4084 1846 4147 erat
1907 4074 2142 4144 famam
2193 4083 2533 4168 sequutus),

322 4202 488 4276 quae
535 4180 806 4252 Aiacem
871 4180 1416 4250 invulnerabilem
1482 4203 1629 4250 esse
1696 4184 2152 4274 praeterquam
2217 4198 2296 4245 ea
2347 4183 2533 4269 parte

321 4282 621 4378 corporis
670 4281 948 4368 ferebat,
1000 4304 1173 4377 quae
1195 4282 1371 4380 pelle
1404 4281 1619 4353 leonis
1654 4288 1829 4352 tecta
1864 4303 1988 4349 nou
2023 4276 2285 4365 fuisset,
2340 4300 2533 4370 quum

321 4383 386 4453 ei
433 4392 640 4480 puero
665 4381 996 4457 Hercules
1045 4383 1357 4456 invictum
1411 4383 1491 4455 ab
1542 4382 1671 4454 diis
1724 4382 1923 4454 robur
1956 4389 2362 4477 precaretur.
2424 4377 2534 4449 Ea
