3192 4992
642 377 732 445 84
806 387 820 406 ’
1256 376 1623 438 DEFENSIO
1668 374 2286 438 DISSERTATIONIS

647 544 1065 625 memoriae
1134 568 1233 619 ea
1288 553 1371 618 et
1414 544 1741 644 capacis
1791 559 1893 616 ae
1943 531 2244 617 ienae-ie
2256 547 2305 631 ,⁸
2351 551 2432 616 et
2464 548 2880 642 promptae

641 648 1118 736 exercitatio
1172 656 1388 719 esset.
1497 643 1752 733 Quum
1818 656 2080 718 autem
2145 645 2312 717 eim
2376 642 2879 716 exercitatio-

644 751 771 822 πίε
831 750 947 821 vis
1011 759 1254 849 atque
1318 747 1557 820 ratio·
1592 747 1838 818 omnis
1907 768 2022 818 ex
2085 740 2452 845 hypobole
2513 742 2887 841 mag-utri

643 861 841 952 apta
891 860 1130 939 esset,
1180 846 1509 945 factum
1572 870 1738 920 esse
1786 871 2002 919 mmo
2019 899 2040 933 ,
2091 858 2188 919 ut
2231 844 2498 921 eadem
2551 840 2880 918 breviter

640 954 906 1026 etiam.
927 953 1088 1023 solo
1132 947 1506 1044 ὑποβολῆς
1542 943 1915 1022 vocabulo
1940 946 2358 1022 diceretm.
2448 945 2660 1019 Nam
2696 967 2878 1046 quo·

638 1054 900 1127 minue
951 1076 1128 1125 eam
1177 1053 1738 1149 intelligamus,
1804 1074 1966 1151 qua
2012 1052 2396 1149 magister
2441 1045 2877 1121 adolescen-

650 1165 766 1228 tes
829 1156 918 1226 in
982 1152 1163 1232 ludo
1227 1153 1689 1240 instituerit,
1760 1150 1855 1222 id
1907 1153 2162 1252 ‘ipsum
2214 1145 2605 1251 prohibet,
2673 1143 2889 1249 quod

642 1258 825 1356 ipsa
874 1256 960 1327 in
1011 1254 1235 1326 timlo
1274 1254 1538 1353 posita
1587 1262 1724 1327 est.
1825 1251 2018 1325 Haec
2068 1260 2136 1341 et
2174 1252 2479 1347 intelligo
2522 1273 2734 1345 neque
2776 1246 2881 1320 est
2948 1247 2957 1257 “

645 1356 821 1453 quod
878 1355 1220 1451 refrager,
1290 1379 1486 1450 quum
1536 1353 1789 1450 fingere
1843 1378 1916 1425 se
1967 1355 2097 1426 ista
2146 1353 2363 1445 dicat,
2433 1352 2561 1424 etsi
2627 1375 2746 1423 cnr
2794 1348 2878 1422 de

642 1456 1005 1529 recitandis
1080 1456 1475 1529 carminibus
1543 1454 1963 1551 cogitandum
2035 1455 2127 1527 sit
2191 1480 2324 1527 non
2390 1453 2625 1525 videm·
2743 1448 2878 1522 Illa

644 1582 803 1630 vero
857 1582 992 1630 non
1042 1556 1349 1653 intelligo
1368 1607 1393 1648 ,
1447 1579 1615 1652 quae
1666 1556 1887 1628 statim
1940 1556 2158 1627 addit:
2229 1557 2398 1628 alia
2431 1554 2694 1627 omnia
2721 1563 2877 1625 sta·

637 1671 1058 1749 meremus,
1122 1660 1197 1731 ei
1226 1656 1615 1753 ,ὑποβολῆς
1662 1654 1817 1731 καὶ
1865 1653 2433 1738 ἀνταποδόσεως
2482 1667 2880 1728 certamen
2912 1725 2925 1732 ,

640 1761 1216 1863 αρρσῖῖανοΐιιν.,
1263 1759 1478 1834 Nam
1544 1759 1702 1855 quid
1767 1758 1932 1831 baec
1996 1758 2079 1830 ad
2128 1752 2560 1853 ὑποβολήνὲ
2659 1755 2877 1848 Quae,

638 1873 715 1934 nt
765 1886 893 1959 ego
949 1861 1226 1958 quidem
1263 1861 1575 1951 arbitror,
1628 1884 1761 1933 non
1809 1860 1922 1931 bic
1971 1859 2249 1932 dicenda
2298 1867 2532 1949 erant,
2585 1857 2704 1929 sed
2752 1856 2875 1946 ibi,

634 1963 751 2035 nbi
806 1970 1153 2059 quaereret
1205 1962 1361 2057 quid
1396 1971 1577 2034 esset
1621 1959 1996 2057 ὑποβολῆς
2037 1956 2623 2041 ἀνταποδόσεως.
2722 1956 2879 2029 Hoc

638 2064 802 2137 fecit
855 2072 1045 2154 ante,
1112 2063 1230 2135 sed
1281 2062 1350 2134 id
1403 2086 1706 2160 quoque,
1769 2063 1871 2134 uti
1921 2063 2120 2154 solet,
2191 2062 2560 2135 obscurius.
2665 2060 2878 2151 Quam

637 2191 765 2262 ego
801 2162 1185 2261 ὑποβολὴν
1217 2159 1784 2264 ἀνταποδόσεως
1817 2163 1947 2236 dici
1975 2171 2380 2262 putaveram,
2430 2187 2577 2236 cnm
2607 2160 2879 2234 Boeck-

640 2268 754 2340 hio
792 2261 1300 2340 ἀνταπόδοσιν
1331 2264 1708 2362 ὑποβολῆς
1736 2266 1975 2337 dictam
2012 2273 2262 2338 censet.
2330 2264 2635 2337 Tertiam
2671 2286 2878 2359 quan-

644 2369 794 2441 dam
841 2368 1191 2460 rationem,
1244 2368 1362 2440 sed
1415 2392 1557 2440 eam
1612 2368 1727 2440 vix
1779 2367 2210 2463 probabilem,
2265 2366 2516 2439 invenit
2542 2363 2873 2436 Lebrsins

637 2472 709 2543 in
744 2469 1259 2565 Quaestienibus
1308 2469 1521 2566 epicis
1573 2494 1646 2567 p.
1684 2472 1858 2544 220.
1910 2466 2295 2565 ὑποβολὴν
2344 2461 2876 2553 ἀνταπόδοσιν,

639 2573 850 2646 altero
903 2572 1164 2642 nomine
1211 2572 1400 2666 quasi
1449 2570 1760 2642 adiectivi
1792 2571 2004 2642 vicem
2032 2578 2300 2643 tenente
2338 2568 2878 2667 appellariexis-

640 2673 905 2745 timaus.
1021 2668 1243 2766 Igitur
1289 2665 1797 2752 ἀνταπόδοσις
1848 2669 2004 2766 quid
2054 2679 2236 2744 esset
2286 2670 2876 2760 demonstraturus,

638 2773 853 2870 primo
918 2770 1302 2866 Nitzsclnius
1389 2765 1979 2845 ἀνταποδιδόναι
2045 2770 2174 2842 duo
2243 2772 2622 2868 significare
2688 2770 2876 2860 dicit,

639 2873 975 2946 vicebsim
1022 2867 1393 2944 exhibere
1407 2924 1429 2961 ,
1482 2870 1848 2961 reddere,
1890 2896 2190 2972 ponere
2239 2872 2690 2963 advermm3
2759 2871 2879 2942 de-

639 2973 794 3050 inde
846 2997 975 3046 ree
1033 2972 1320 3046 endere
1335 3024 1357 3063 ,
1428 2970 1845 3046 adversum
1896 2984 2197 3064 tenere,
2256 2977 2343 3047 in
2392 2974 2878 3047 eontrarium

641 3077 864 3149 verti.
966 2999 1105 3147 gel
1153 3074 1320 3146 baec
1368 3074 1529 3145 mihi
1581 3073 1842 3171 quidem
1891 3074 2202 3148 videntur
2252 3075 2636 3148 obscuriora
2687 3098 2875 3148 essex

642 3202 794 3250 nam
862 3201 1056 3273 quum
1123 3175 1271 3272 ipsa
1321 3176 1504 3254 verbi
1557 3176 1746 3272 origo
1802 3176 2143 3269 ostendat,
2215 3177 2581 3273 significari
2631 3200 2712 3248 eo
2764 3176 2880 3248 vi-

645 3280 906 3353 cissim
956 3275 1322 3366 reddere,
1396 3287 1697 3375 apertum
1747 3297 1895 3350 esse
1944 3286 2138 3375 puto,
2192 3279 2412 3352 omnia
2460 3301 2627 3376 qnae
2677 3276 2879 3349 Nitz-

647 3381 873 3456 schius
923 3379 1171 3476 posuit,
1215 3378 1458 3456 ,eodem
1509 3379 1752 3469 redire,
1813 3384 1965 3476 quia
2017 3378 2330 3476 quidquid
2381 3379 2620 3475 aliquis
2679 3378 2883 3468 vicis-3

650 3483 771 3554 sim
823 3480 1081 3571 reddat,
1135 3506 1266 3553 non
1297 3487 1539 3577 ‘potest
1582 3480 1779 3553 aliter
1807 3480 2133 3576 cogitari„
2168 3502 2360 3577 quam
2387 3489 2464 3553 ut
2489 3481 2664 3552 idem
2703 3480 2878 3576 quod

650 3589 993 3680 acceptum
1044 3583 1137 3655 sit.
1182 3584 1289 3653 vel
1339 3606 1461 3678 par
1509 3581 1847 3673 reddatur,
1903 3590 1976 3653 nt
2025 3582 2302 3679 proinde
2355 3576 2877 3669 ἀνταπόδοσις,

607 3684 764 3757 ᾖιιΙ)ἰ
812 3683 1025 3755 active
1050 3757 1056 3766 ,
1078 3682 1345 3775 dicitur,
1398 3683 1610 3781 ipsam
1651 3682 1942 3755 vicissim
1993 3683 2310 3756 reddendi
2350 3685 2712 3772 actionem3
2763 3683 2879 3754 ubi

650 3783 939 3883 passive,
994 3808 1137 3857 eam
1188 3810 1352 3875 rem,
1407 3808 1573 3881 quae
1614 3807 1738 3880 par
1770 3784 1918 3881 pari
1950 3784 2273 3875 redditur,
2327 3785 2684 3882 significet.
2754 3783 2879 3856 Iu-

653 3886 987 3958 dicaturus
1053 3910 1228 3959 nunc
1290 3885 1716 3978 Nitzschius,
1787 3894 2004 3958 utrum
2067 3887 2140 3958 in
2203 3886 2382 3961 Teia
2444 3887 2875 3983 inscriptione

652 3986 1027 4083 ὑποβολῆς
1076 3983 1573 4069 ἀνταπόδοσις
1623 4011 1702 4059 ea
1753 3987 2034 4079 dicatur,
2088 4011 2217 4084 qna
2267 3989 2412 4084 quis
2469 3990 2663 4061 verba
2713 4012 2877 4084 sng-

657 4097 872 4187 gesta,
922 4086 1019 4161 τά
1066 4083 1619 4186 ὑποβληθέντα,
1670 4088 2071 4181 reddiderit,
2137 4113 2224 4161 an
2275 4113 2403 4186 qua
2450 4089 2662 4186 ipsam
2712 4113 2878 4184 sng-

656 4190 930 4287 gerendi
981 4191 1304 4262 actionem
1353 4190 1762 4286 repetiverit,
1816 4191 2058 4263 omissa
2086 4191 2168 4263 de
2209 4186 2700 4266 ἀνταποδόσει
2734 4190 2878 4262 dis-

655 4292 1035 4389 putatione,
1104 4291 1258 4387 quid
1326 4293 1414 4365 sit
1475 4289 1807 4388 ὑποβολὴ
1872 4292 2167 4390 quaerite
2249 4301 2385 4365 tum
2436 4307 2740 4364 reversus
2791 4290 2876 4362 ad

597 4421 606 4426 ⁷
658 4388 1160 4470 ἀνταπόδοσιν
1175 4448 1201 4482 ,
1265 4417 1515 4495 neque
1563 4418 1779 4467 nune
1792 4443 1845 4484 ,-
1883 4394 2121 4490 inquit,
2174 4396 2509 4495 amplius
2557 4390 2876 4468 dubium
