3192 4992
562 412 569 430 ¹
609 389 738 461 ΞΜ
975 393 1076 457 DE
1119 392 1555 455 TRAGOEDIA
1598 391 2138 497 COMOElJIAQUE
2178 390 2476 453 LYRICA.

611 563 864 637 bendae
927 561 1004 633 in
1069 583 1272 633 scena
1336 557 1617 634 alicuius
1682 560 1985 651 integrae
2046 560 2333 631 fabulae.
2462 556 2849 654 Eapropter

613 655 781 739 illud
845 665 998 764 ipsa
1075 661 1520 760 appellatione
1601 651 1906 759 tragoedi
1971 661 2398 757 comoedique
2465 659 2849 731 distinctum

617 777 721 840 est
771 789 812 838 a
853 765 1208 862 ‘tragoedia
1259 771 1454 861 atque
1507 761 1872 837 comoedia.
1976 762 2314 861 Integram
2354 761 2684 857 antiquam
2727 785 2852 833 co·-

614 868 940 942 moediam
1003 867 1075 939 in
1139 890 1339 940 scena
1403 875 1615 939 actam
1682 866 1965 963 prodere
2030 865 2291 937 videtur
2352 861 2518 934 illud
2572 859 2851 958 ἀρχαίᾳ

618 966 984 1066 κωμῳδία
1046 968 1120 1039 in
1183 969 1614 1065 inscriptione
1679 969 1906 1043 2759.
2024 965 2321 1039 Canticis
2372 965 2579 1061 igitur
2627 972 2854 1035 certa-

620 1081 759 1146 tum
810 1080 939 1162 est,
992 1094 1125 1141 non
1175 1070 1512 1161 diverbiis,
1586 1074 1741 1166 quia
1790 1093 1922 1142 non
1972 1068 2456 1166 producebatur
2507 1063 2853 1161 tragoedia

564 1226 569 1238 .
621 1182 737 1246 aut
787 1172 1153 1262 comoedia,
1208 1171 1326 1242 sed
1375 1197 1543 1244 unus
1596 1180 1845 1244 tantum
1896 1170 2133 1242 histrio
2170 1168 2499 1267 prodibat,
2552 1159 2681 1238 non
2725 1166 2855 1236 ha·-

619 1278 782 1348 bens
831 1275 1412 1364 interlocutorem,
1467 1275 1728 1370 quicum
1778 1273 2177 1368 colloquium
2231 1276 2635 1342 consereret.
2735 1265 2853 1340 Ex

621 1386 847 1449 vetere
914 1384 1129 1448 autem
1194 1376 1544 1472 tragoedia
1608 1374 2074 1470 comoediaque
2141 1370 2688 1469 depromebantur
2735 1368 2855 1438 illa

624 1478 881 1551 cantica
929 1484 1326 1574 propterca,
1409 1477 1583 1574 quod
1638 1476 1793 1573 quid
1845 1485 1985 1547 arte
2038 1499 2158 1546 sua
2210 1474 2502 1544 valerent
2552 1468 2857 1567 tragoedi

624 1579 1054 1675 comoedique
1108 1578 1458 1651 ostendere
1511 1577 1854 1651 debebant.
1969 1575 2054 1647 Id
2119 1576 2291 1647 enim
2341 1573 2625 1646 maxime
2679 1570 2859 1668 opti-

623 1703 857 1777 meque
908 1681 979 1752 in
1028 1679 1151 1752 tali
1203 1681 1426 1776 aliqua
1476 1704 1675 1752 scena
1704 1687 2070 1751 monstrare
2112 1684 2444 1774 poterant,
2499 1697 2666 1770 quae
2703 1679 2859 1744 nota

626 1791 807 1855 esset
855 1781 1381 1879 spectatoribus,
1458 1805 1778 1878 quamque
1842 1781 1973 1851 iam
2027 1780 2158 1850 alio
2226 1787 2523 1873 tempore
2577 1775 2655 1845 ab
2709 1774 2859 1846 aliis

627 1895 840 1955 actam
897 1882 1252 1973 vidissent,
1324 1884 1699 1979 scirentque
1752 1890 1993 1978 quanta
2043 1887 2210 1971 arte,
2262 1887 2337 1950 ut
2386 1885 2567 1950 recte
2621 1897 2862 1971 agere-

499 2065 504 2068 ,
628 1995 765 2075 tur,
821 2008 986 2081 opus
1038 1984 1337 2056 haberet.
1436 1983 1745 2082 Denique
1799 2005 1993 2079 quum
2045 1982 2372 2053 actionem
2411 1986 2649 2075 urgeat
2677 1976 2863 2049 Boe-

631 2086 869 2172 ckhius
923 2084 1190 2180 (mirum
1242 2093 1346 2157 est
1396 2095 1612 2157 autem
1666 2086 1837 2182 quod
1893 2084 2150 2181 quaerit
2197 2107 2316 2154 cur
2347 2106 2478 2154 non
2512 2088 2700 2151 actae
2730 2079 2865 2151 sint

629 2185 889 2276 veteres
940 2187 1347 2283 tragoediae,
1403 2213 1596 2284 quum
1651 2211 1859 2259 novae
1911 2188 2044 2258 sint
2079 2193 2304 2257 actae:
2371 2205 2605 2278 nempe
2660 2180 2742 2252 ob
2792 2178 2864 2251 id

630 2291 874 2390 ipsum,
927 2313 1010 2359 ne
1066 2289 1164 2360 bis
1217 2289 1445 2360 eodem
1499 2313 1743 2385 genere
1796 2288 2236 2384 certaretur),
2309 2284 2501 2356 video
2555 2306 2699 2354 eum
2754 2281 2865 2354 hio

637 2414 896 2489 quoque
951 2415 1030 2462 eo
1083 2391 1317 2481 relabi,
1370 2400 1445 2463 ut
1496 2400 1709 2462 sumat
1762 2390 1934 2487 quod
1986 2413 2116 2460 non
2170 2395 2274 2459 est
2324 2386 2864 2474 demonstratum,

638 2501 965 2566 cantatum
1005 2516 1172 2563 1esse
1222 2494 1447 2564 nescio
1502 2493 1676 2589 quod
1729 2517 1989 2564 carmen
2041 2490 2352 2585 lyricumz
2421 2509 2549 2584 quo
2604 2485 2867 2557 subiicit

640 2593 1114 2691 quodammodo
1168 2618 1348 2664 suam
1399 2595 1611 2689 ipsius
1666 2595 2041 2689 opinionem
2089 2589 2469 2663 Lobeckio.
2573 2587 2868 2659 Tantum

640 2697 828 2766 abest
879 2695 1090 2782 enim,
1143 2691 1533 2765 Lobeckius
1583 2702 1659 2764 ut
1711 2702 1972 2765 cantata
2025 2717 2171 2764 esse
2225 2692 2507 2764 voluerit
2556 2713 2869 2761 necessa·-

594 2821 598 2826 ’
639 2795 770 2883 rio,
826 2816 992 2888 quae
1045 2794 1344 2865 comoedi
1394 2794 1826 2890 tragoedique
1878 2796 2215 2885 afferrent,
2250 2795 2344 2865 'ut
2388 2793 2713 2865 actionem
2764 2790 2868 2863 vel

640 2895 925 2966 maxime
976 2894 1394 2989 spectandam
1448 2897 1802 2967 censuerit.
1904 2895 2055 2968 Non
2109 2904 2212 2967 est
2254 2896 2425 2967 enim
2455 2903 2566 2965 aut
2598 2903 2871 2990 tragoe-

644 2995 765 3067 dus
819 3004 932 3068 aut
983 2996 1368 3088 como-edus,
1425 2998 1536 3093 qui
1587 3022 1716 3069 non
1772 2998 1912 3094 agit
1962 3005 2290 3095 gestuque
2336 3021 2502 3094 quae
2556 2995 2719 3068 dicit
2757 3017 2871 3066 ca·-

541 3195 554 3202 -
642 3098 824 3170 nitve
876 3097 1193 3169 d'eclarat.
1295 3097 1437 3171 Sed
1471 3096 1861 3199 τραγῳδὸς
1904 3100 2144 3172 dicitur
2180 3108 2246 3171 et
2278 3093 2666 3194 κωμῳδός,
2720 3097 2872 3194 quia

646 3201 829 3272 solus
882 3199 1045 3295 agit,
1097 3224 1231 3271 non
1280 3198 1712 3297 ὑποκριτής,
1779 3226 1907 3298 quo
1960 3203 2221 3274 nomine
2273 3202 2760 3298 appellaretur,
2814 3198 2871 3270 si

644 3327 775 3374 non
844 3309 1074 3396 ageret
1138 3303 1346 3374 solus.
1479 3303 1908 3401 Quapropter
1968 3304 2038 3375 in
2101 3302 2698 3398 inscriptionibus,
2732 3299 2872 3371 'ubi

646 3402 992 3499 tragqedia
1042 3411 1111 3473 et
1161 3404 1499 3475 comoedia
1541 3414 1964 3495 memoratur,
2016 3425 2150 3476 uon
2190 3399 2576 3504 τραγῳδὸς
2627 3412 2696 3474 et
2727 3428 2874 3475 κω·-

646 3499 939 3600 μῳδός,
1022 3504 1140 3575 sed
1190 3502 1583 3601 ὑποκριτὴς
1646 3516 1750 3579 est
1816 3507 2241 3602 adscriptum.
2359 3503 2559 3595 Sed,
2631 3505 2869 3601 inquit,

650 3604 863 3705 'quod
911 3602 1335 3679 Lobeekim
1385 3610 1735 3681 mamime
1786 3610 2169 3707 neglexit,
2220 3608 2463 3707 ipsius
2510 3609 2732 3679 illam
2781 3603 2874 3678 de

649 3719 973 3779 cantore
1022 3710 1301 3780 veteris
1351 3709 1811 3808 tragoediae
1860 3711 2319 3782 sententiam
2358 3732 2694 3808 pror-ms
2733 3731 2873 3781 αω-

551 3807 900 3894 meludit
937 3811 1292 3908 plurium
1343 3812 1744 3883 titulorum
1789 3812 2123 3901 collatiO,
2179 3835 2414 3911 quam
2446 3811 2731 3883 iterum
2756 3811 2873 3881 in-

650 3909 882 3981 etima
947 3911 1255 3984 invitus.
1394 3911 1812 3986 Contende·
1861 3914 2114 4014 igitur
2177 3936 2290 3985 ea)
2352 3937 2431 3986 n.
2505 3916 2725 3988 1584,
2805 3919 2881 3983 et

655 4009 876 4085 1585'.
928 4009 1071 4084 has·
1120 4016 1405 4088 series:
2696 3999 2717 4022 ’
2862 4037 2867 4040 -

751 4176 1138 4279 τραγῳδός
1563 4223 1568 4230 ·
1724 4180 2108 4277 [κωμῳδὸς
2127 4177 2874 4277 παλαιᾶςκωμῳδίας]
2946 4193 2953 4216 ’

752 4275 1115 4377 κωμῳὸός
1718 4283 2104 4385 τραγῳδὸς
2121 4292 2438 4369 παλαιᾶς
2461 4279 2879 4390 τραγῳδίας
2927 4313 2933 4326 ,

659 4435 666 4442 -
753 4381 1053 4480 ποιητὴς
1083 4379 1432 4483 σατύρων
1786 4431 1789 4442 .
2656 4439 2677 4459 .
