3192 4992
505 413 512 420 ‚
619 338 744 407 176
972 330 1072 402 DE
1113 339 1409 401 DUA-BUS
1450 336 2089 399 INSCRIPTIONIBUS
2131 337 2459 437 GRAECIS.

617 493 998 580 Boeckhius
1062 503 1471 577 Fourmonto
1546 502 1864 599 imputat,
1950 501 2126 574 haud
2200 502 2341 575 scio
2419 526 2504 574 an
2564 489 2835 574 iniuria.

605 607 880 696 Deinde
933 630 1098 703 quae
1148 607 1217 677 in
1267 605 1466 677 tertio
1518 629 1714 676 versu
1779 603 1952 701 apud
2002 602 2417 676 Boeckhium
2468 593 2837 680 distinctis-

618 711 779 783 sime
831 709 1117 805 scriptae
1185 715 1338 779 sunt
1398 707 1663 777 litterae
1722 708 2011 798 ἸὈΙΣ,
2041 708 2106 803 ⁴)
2178 706 2352 802 apud
2401 705 2682 777 Rosium
2733 706 2838 777 vi-

517 818 526 826 ’
618 809 855 884 dentur
900 809 1136 883 ΤΑΙΣ
1181 833 1354 899 esse,
1405 816 1481 879 ut
1530 807 1815 879 dubitari
1842 806 2070 905 possit
2109 806 2264 902 quid
2302 806 2468 884 illud
2505 807 2631 878 sit:
2683 830 2836 877 nam

617 914 677 985 si
728 937 860 984 non
911 918 1015 984 est
1062 914 1224 992 ταῖς
1276 910 1381 981 vel
1429 912 1623 997 τοῖς,
1704 908 1916 981 videri
1976 914 2201 1004 potest
2262 910 2370 980 vel
2418 911 2616 980 ΔΙΣ
2656 932 2832 1001 esse,

617 1015 677 1086 si
740 1014 1014 1110 primam
1076 1014 1365 1083 litteram
1430 1010 1872 1104 seiungimus,
1956 1011 2102 1102 vel,
2177 1010 2238 1082 si
2302 1034 2446 1081 eam
2508 1008 2829 1100 addimus„

624 1119 889 1202 ΤΡΙΣ.
991 1112 1253 1208 Atque,
1333 1112 1392 1184 si
1444 1113 1549 1183 vel
1599 1109 1717 1193 δὶς
1768 1113 1872 1183 vel
1921 1107 2080 1209 τρὶς
2126 1111 2291 1204 fuit,
2357 1120 2654 1207 apertum
2701 1120 2831 1203 est,

618 1216 794 1314 quod
860 1215 1156 1311 sequitur
1204 1208 1496 1310 τετράκι
1525 1227 1536 1234 ’
1561 1212 1646 1283 ad
1710 1212 1889 1284 aliud
1956 1221 2283 1288 certamen
2347 1212 2621 1284 referri:
2700 1236 2831 1308 quo
2955 1254 2960 1257 ·

616 1342 888 1390 necesse
940 1325 1044 1388 est
1094 1324 1299 1388 totam
1345 1315 1799 1410 inscriptionis
1861 1315 2246 1386 sententiam
2299 1316 2563 1386 mutari.
2662 1312 2834 1386 Nam

618 1444 814 1515 quum
865 1418 945 1491 de
998 1418 1294 1490 victoriis
1346 1441 1712 1489 sermonem
1746 1441 1893 1487 esse
1922 1423 2172 1513 pateat,
2225 1411 2485 1488 omnino
2527 1423 2642 1488 aut
2669 1438 2835 1512 qua·-
2976 1453 3011 1474 κ

563 1527 721 1593 >ter
767 1521 912 1611 ille,
967 1519 1080 1615 qui
1128 1520 1352 1616 posuit
1401 1519 1923 1616 monumentum,
1990 1518 2228 1590 vicisse
2280 1516 2654 1609 dicebatur,
2722 1523 2835 1588 aut

614 1623 937 1716 incertis
1000 1620 1176 1692 ludis
1241 1621 1343 1691 bis
1402 1628 1624 1712 terve,
1699 1628 1930 1715 quater
1994 1626 2211 1690 autem
2272 1620 2343 1690 in
2408 1620 2558 1692 aliis
2621 1619 2836 1691 victor

618 1747 763 1795 esse
817 1723 1066 1794 debuit.
1166 1720 1473 1817 Denique
1526 1721 1712 1793 tertii
1761 1745 1990 1812 versus
2041 1721 2270 1792 ultima
2318 1720 2542 1793 littera
2594 1722 2724 1793 etsi
2761 1717 2835 1791 V

617 1826 868 1921 scripta
917 1832 1045 1915 est,
1101 1821 1276 1919 quod
1323 1822 1451 1896 bac
1498 1822 1569 1894 in
1620 1822 2051 1919 inscriptione
2108 1827 2171 1893 Y
2209 1822 2565 1919 significat,
2618 1830 2836 1894 tamen

614 1925 839 2024 pote'st
888 1926 1085 1997 etiam
1137 1925 1309 1996 alius
1365 1925 1628 1996 litterae
1679 1948 1834 2021 pars
1888 1948 2060 1995 esse.
2095 1925 2157 2022 ⁵)

815 2024 1103 2098 Litteris
1171 2026 1456 2121 cognitis
1520 2025 1895 2122 proximum
1946 2034 2088 2117 est,
2167 2032 2243 2096 ut
2304 2019 2606 2097 videatur
2669 2048 2837 2122 quae

616 2130 813 2201 verba
862 2128 1287 2200 verborumve
1349 2135 1573 2224 partes
1638 2127 1803 2198 nihil
1868 2126 2014 2197 vitii
2065 2126 2552 2218 contraxerint,
2622 2136 2700 2199 ut
2748 2151 2839 2198 ex

538 2297 546 2306 .
612 2231 698 2301 iis
751 2230 1166 2325 colligamus,
1241 2228 1415 2324 quod
1466 2236 1917 2326 argumentum
1969 2251 2264 2324 quaeque
2316 2230 2640 2302 sententia
2687 2228 2840 2300 fue-
2932 2297 2937 2304 .

486 2417 491 2423 Ι
613 2333 704 2404 rit
751 2327 1242 2427 inscriptioni&⁹
1333 2329 1669 2401 Habemus
1723 2338 1936 2401 autem
1987 2330 2121 2402 hic.
2145 2330 2357 2426 primo
2401 2353 2636 2403 nomen
2674 2355 2840 2427 pro-

613 2434 827 2531 prium
878 2434 949 2504 in
1001 2429 1153 2505 όων
1204 2432 1645 2523 terminatum,
1697 2439 1772 2504 ut
1811 2426 2034 2505 Κόων
2085 2456 2171 2503 ex
2208 2456 2415 2527 eoque
2445 2434 2836 2529 composita,

617 2536 837 2632 qualia
878 2528 1306 2620 Ἱπποκόων,
1356 2528 1754 2618 Λαοκόων,
1805 2534 1913 2604 vel
1964 2533 2159 2604 aliter
2207 2533 2275 2604 in
2326 2528 2478 2608 όων
2528 2534 2840 2622 desinen-

615 2638 734 2726 tia,
787 2642 862 2707 ut
890 2629 1345 2730 Δημοφόων,
1396 2628 1844 2729 Ξεινοφόων.
1946 2634 2210 2707 Deinde
2253 2632 2570 2730 ἀνέθηκε
2584 2660 2613 2708 .·
2665 2635 2837 2707 unde

616 2736 867 2831 aliquid
918 2733 1287 2805 dedicatum
1339 2757 1486 2804 esse
1538 2735 1996 2829 intelligimus.
2100 2734 2276 2825 Quid
2316 2744 2532 2807 autem
2568 2736 2839 2809 dedica-

613 2845 752 2909 tum
803 2836 930 2925 sit,
996 2835 1113 2905 vix
1163 2833 1427 2905 dubium
1476 2835 1856 2929 relinquunt
1922 2858 2097 2930 quac·
2138 2846 2498 2933 sequuntur
2544 2839 2837 2930 litterae,

612 2939 683 3018 in
735 2936 966 3034 quibus
1017 2943 1199 3007 recte
1243 2934 1675 3031 deprehendit
1703 2936 2086 3008 Boeckhius
2123 2936 2331 3011 ἔντεα
2364 2933 2588 3034 ἰσχύϊ.
2656 2938 2838 3012 Hinc

547 3039 556 3056 ¹
616 3038 772 3136 quid
822 3037 1183 3135 proclivius
1230 3045 1357 3129 est,
1412 3061 1601 3133 quam
1637 3037 1895 3110 initium
1928 3040 2442 3135 epigrammatis,
2490 3042 2625 3114 nisi
2659 3040 2838 3140 quod

612 3162 850 3212 nomen
898 3140 1026 3211 viri
1075 3139 1394 3211 incertum
1447 3146 1692 3231 manet,
1747 3140 1878 3211 tale
1928 3140 2205 3226 fuisset·

906 3285 1305 3365 Ἱπποκόων
1357 3288 1676 3386 ἀνέθηκε
1724 3287 1894 3365 τάδ’
1957 3292 2165 3367 ἔντεα
2214 3271 2423 3388 ἰσχύϊ
2467 3348 2487 3368 .
2542 3350 2561 3367 .

613 3442 997 3540 Sequuntur
1042 3442 1322 3534 incerta,
1372 3443 1523 3518 AO
1551 3405 1635 3515 *et
1673 3448 1783 3515 EI
1785 3445 2035 3532 ΟΠΣ,
2065 3446 2128 3543 6)
2184 3433 2349 3554 quae
2380 3446 2644 3519 interim
2678 3446 2836 3519 mit-'-

612 3546 810 3618 tenda
859 3552 1035 3637 sunt,
1086 3552 1160 3615 ut
1208 3569 1339 3616 non
1390 3546 1575 3642 prius
1628 3547 1737 3617 vel
1776 3547 2201 3641 explicabilia
2240 3549 2344 3619 vel
2375 3547 2832 3639 emendabilia,
2896 3603 2907 3616 .
3040 3577 3053 3588 ,

614 3670 807 3744 quam
848 3646 929 3717 de
966 3647 1245 3718 caeteris
1281 3646 1677 3719 constiterit.
1764 3645 1981 3720 Porro
2021 3648 2310 3721 videmus
2351 3649 2846 3728 TOIEDAV
2926 3667 2951 3678 ‘
3084 3657 3089 3664 '

619 3749 1000 3824 ΟΣΙΟΙΣ
1041 3751 1179 3830 ΕΝ
1223 3749 1707 3823 ΑΕΘΛΟΙΣ
1747 3752 2223 3823 TETPAKI:
2288 3776 2379 3823 ex
2436 3752 2669 3849 quibus
2711 3776 2832 3824 co·-
2953 3776 2965 3783 ·

614 3850 989 3947 gnoscimus
1052 3849 1123 3920 in
1190 3856 1499 3945 quattuor
1562 3850 1989 3930 victoriarum
2042 3852 2422 3925 memoriam
2482 3877 2663 3925 arma
2709 3876 2832 3925 sua

733 4123 738 4130 ·
782 4083 843 4167 ⁴)
898 4088 1183 4166 Pei-spicue
1224 4088 1360 4166 apud
1398 4049 1651 4148 llossium
1700 4086 1932 4152 ΤΟΙΣ.

783 4184 842 4269 ⁵)
895 4186 1051 4265 Apud
1090 4190 1342 4249 Rossium
1397 4199 1449 4249 et
1479 4189 1541 4250 X
1580 4196 1827 4249 usitatam
1870 4192 2089 4250 formam
2128 4191 2309 4265 habet,
2369 4200 2424 4252 et
2462 4198 2602 4252 tertii
2641 4210 2826 4252 versus

485 4238 522 4360 Nl
569 4337 574 4340 ,
611 4275 796 4335 ultima
834 4274 1009 4332 littera
1048 4275 1120 4334 N
1155 4282 1237 4332 est
1274 4296 1366 4353 pro
1408 4274 1509 4348 M,
1550 4281 1674 4353 quia
1713 4278 1899 4334 ultima
1938 4279 2076 4335 linea
2117 4279 2278 4337 fiacto
2320 4266 2492 4356 lapide
2530 4283 2744 4338 interiit.

783 4371 844 4455 6)
899 4375 1177 4451 Perspicue
1217 4378 1274 4434 in
1312 4376 1486 4468 lapide
1528 4376 1667 4453 apud
1706 4377 1953 4436 Rossium
1997 4382 2241 4455 scriptum
2282 4387 2365 4436 est
2409 4376 2510 4442 ΘΙ
2510 4377 2643 4440 ΟΠ
2645 4378 2776 4441 ΟΣ.
