3192 4992
653 369 783 436 252
993 397 1004 407 ·
1449 371 1559 431 ΒΕ
1624 368 2072 484 A‘fLANTE.

653 537 1036 636 Clymenae,
1086 534 1344 609 Oceani
1393 535 1599 625 filiae,
1651 536 2008 632 progenies
2060 539 2216 609 sunt
2245 534 2443 608 Atlas
2493 541 2563 608 et
2593 533 2881 608 Menoe-

647 642 814 714 tius.
914 638 1024 710 De
1072 637 1310 735 Iapeto
1362 661 1563 734 supra
1614 636 1888 710 dietum.
1989 634 2331 733 Clymena,
2387 660 2578 734 quam
2630 634 2878 710 Latine

655 740 1028 815 Cluentium
1073 740 1405 826 ⁸vertimus
1422 791 1447 831 ‚
1526 737 1685 835 quid
1749 747 1853 810 est
1918 739 2093 835 qnod
2157 739 2420 811 facilius
2500 738 2878 835 significare
2978 785 2989 792 -

654 843 873 941 possit
930 864 1121 938 quam
1185 841 1421 912 famam
1487 839 1570 912 de
1632 841 2090 914 remotissimis
2156 839 2542 936 quibusdam
2589 842 2659 912 in
2712 840 2880 912 mari

560 935 894 1041 l2magno
943 936 1381 1040 regionibus?
1480 940 1701 1014 Huius
1748 943 1956 1038 igitur
2003 951 2098 1033 et,
2152 957 2345 1038 quem
2393 942 2638 1013 rectius
2677 941 2880 1013 Deii-

652 1071 792 1119 eem
845 1067 1062 1141 quam,
1116 1053 1191 1115 ut
1233 1045 1417 1133 olim,
1469 1042 1795 1115 Mersinm
1828 1044 2047 1116 vocari
2082 1043 2417 1139 intelligo,
2468 1041 2682 1139 Iapeti
2711 1067 2879 1139 pro-

650 1148 880 1244 genies
933 1170 1125 1242 quum
1175 1145 1290 1217 isti
1341 1145 1671 1235 dicuntur,
1722 1169 1996 1241 quorum
2048 1145 2310 1228 nomina
2359 1152 2513 1215 sunt
2561 1143 2753 1216 Atlas
2803 1151 2876 1215 et

649 1248 1072 1340 Menoetius,
1144 1246 1694 1344 simplicissimum
1749 1254 1890 1339 est,
1955 1255 2031 1318 ut
2091 1246 2487 1342 longinquas
2537 1244 2872 1341 regiones,

651 1350 735 1422 de
799 1349 1034 1445 quibus
1083 1348 1317 1419 famam
1368 1354 1801 1444 acceperant,
1866 1347 2138 1445 petituri
2202 1371 2325 1443 per
2388 1347 2597 1418 maria
2646 1346 2877 1419 iactati

650 1475 800 1522 esse
849 1450 1192 1541 dicantur,
1244 1458 1314 1522 et
1362 1448 1623 1545 quidem
1675 1448 1953 1521 diversis
2003 1448 2287 1544 ingeniis
2338 1448 2649 1544 praediti,
2704 1448 2875 1520 alter

631 1553 1018 1624 ‘temeritate
1068 1550 1301 1644 ferox,
1354 1551 1466 1647 qui
1519 1550 1734 1623 dictus
1785 1560 1889 1623 est
1937 1549 2354 1641 Menoetius,
2410 1549 2584 1645 quod
2637 1573 2873 1622 nomen

644 1651 985 1725 Heffterus
1047 1651 1532 1726 inconsiderate
1584 1676 1733 1724 cum
1782 1657 2141 1744 μενοινᾶν
2190 1659 2538 1747 cognatum
2590 1652 2871 1746 putavit.
2964 1669 2971 1677 ·

644 1751 1035 1826 Meminisse
1085 1753 1267 1827 iuvat
1315 1753 1677 1845 Philoetii,
1748 1754 1862 1850 qui
1915 1753 2231 1825 bubulcus
2287 1750 2515 1823 Vlixis
2565 1751 2730 1842 fuit,
2803 1760 2872 1825 et

646 1855 919 1950 duomm
970 1854 1501 1946 Menoetiorum‚
1568 1879 1843 1950 quorum
1895 1856 2105 1943 alter,
2177 1850 2613 1948 Centhonymi
2662 1853 2868 1946 filius,

640 1964 1037 2028 memoratus
1089 1965 1193 2029 est
1238 1955 1657 2053 Apollodoro
1708 1956 1809 2030 II.
1865 1957 1939 2047 5,
1997 1960 2119 2045 12,
2171 1959 2247 2032 7.
2299 1956 2606 2044 alterum,
2654 1952 2872 2027 Aeto-

640 2058 736 2129 ris
789 2058 1038 2149 filium,
1103 2066 1356 2154 patrem
1407 2056 1736 2150 Patrocli,
1789 2057 1977 2130 multi
2029 2056 2468 2129 celebrarunt.
2570 2054 2868 2153 Uterque

640 2158 982 2231 adversam
1032 2158 1355 2231 fortunam
1408 2168 1726 2256 expertus
1777 2169 1906 2250 est,
1956 2160 2053 2230 ita
2103 2166 2176 2229 ut
2224 2182 2457 2231 nomen
2506 2157 2676 2229 illud
2719 2181 2867 2230 eum

640 2261 1019 2357 significare
1076 2261 1411 2352 videatur,
1485 2262 1596 2359 qui
1648 2272 1907 2334 maneat
1957 2285 2105 2333 nec·
2131 2259 2513 2331 reformidet
2565 2283 2866 2357 asperam

638 2371 925 2435 sortem=
993 2386 1194 2458 quare
1244 2361 1602 2435 Petiletum
1657 2363 1824 2435 verti
1858 2363 1943 2435 -iu
1997 2361 2485 2460 dissertatione,
2541 2384 2707 2457 quae
2759 2369 2864 2433 est

639 2463 722 2536 de
783 2464 1187 2560 mythologia
1239 2462 1651 2538 Graecorum
1685 2463 2192 2560 antiquissima.
2295 2459 2409 2534 01»
2458 2486 2603 2534 eam
2651 2471 2870 2535 teme-·

634 2565 895 2637 ritatem
945 2564 1284 2638 Hesiodus
1335 2565 1608 2638 fratrem
1644 2566 1939 2639 Atlantis
1988 2557 2510 2662 ὑπερκύδαντα
2559 2565 2862 2661 appella-

633 2665 756 2756 vit,
811 2665 1019 2762 deque
1072 2666 1447 2738 sorte'eius
1498 2668 1601 2738 sie
1647 2667 1944 2739 rettulitz

1083 2813 1451 2911 ὑβριστὴν
1499 2813 1581 2889 δὲ
1637 2812 2044 2902 Μενοίτιον
2091 2811 2416 2911 εὐρύοπα
2467 2814 2656 2900 Ζεὺς

832 2919 934 2999 εἰς
982 2916 1235 3013 ’ἔρεβος
1279 2916 1720 3016 κατέπεμψε,
1769 2916 2034 3014 βαλὼν
2080 2914 2423 3015 ψολόεντι
2471 2925 2854 3017 καραυνῷ,

755 3037 758 3044 ·
833 3018 1045 3093 εἵνεκ’
1105 3017 1566 3116 ἀτασθαλίης
1613 3047 1691 3093 τε
1742 3016 1868 3094 καὶ
1915 3019 2216 3117 ἠνορέης
2263 3016 2701 3112 ὑπερόπλου.

493 3165 500 3177 ’
629 3167 866 3267 Itaque
918 3170 1088 3243 hane
1135 3171 1565 3262 intelligimus
1615 3171 1876 3243 fabulae
1913 3173 2300 3246 sententiam
2337 3196 2511 3263 esse,
2565 3171 2648 3243 de
2684 3170 2854 3244 duo-

628 3271 751 3344 bus
800 3272 1104 3362 fatribus,
1158 3273 1268 3367 qui
1319 3272 1491 3343 sama
1540 3273 1740 3369 longe
1794 3273 2063 3346 dissitae
2106 3275 2397 3370 regionis
2438 3274 2600 3346 moti
2643 3274 2851 3345 maria

627 3374 1064 3463 tentaverint,
1132 3374 1410 3444 alterum
1460 3382 1706 3446 temere
1759 3375 2140 3447 iactatorem
2194 3376 2487 3471 perisse,
2569 3376 2849 3448 alterum

625 3474 788 3547 forti
838 3483 907 3547 et
956 3475 1285 3546 constanti
1336 3476 1826 3571 perseverantia
1876 3485 1948 3549 ut
1997 3477 2370 3572 perveniret
2435 3502 2564 3573 quo
2617 3478 2855 3571 cupie-

624 3575 742 3647 bat
789 3599 936 3647 esse
988 3584 1430 3670 assequutum.
1530 3574 1833 3673 Apparet
1880 3578 2008 3649 iam
2061 3579 2217 3674 quid
2268 3579 2395 3671 sit,
2449 3579 2620 3674 quod
2676 3578 2847 3650 dixit

623 3675 955 3748 Homerus
1022 3674 1245 3759 αὐτὸς
1306 3669 1490 3771 ἕχείε
1571 3679 1785 3751 tenuit
1846 3703 1925 3780 ea
1987 3681 2137 3752 loca
2167 3669 2380 3776 'ipse,
2464 3705 2597 3751 non
2645 3680 2851 3751 etiam'

619 3777 831 3849 frater
879 3777 1284 3850 Menoetius.
1387 3778 1528 3852 Sed
1592 3803 1759 3875 quae
1821 3774 2027 3853 loca?
2103 3779 2435 3853 Extrema
2488 3789 2837 3871 terrarum,

623 3888 696 3951 et
742 3880 1027 3975 quidem,
1080 3889 1153 3952 ut
1200 3879 1538 3952 Hesiodus
1589 3883 1723 3972 ait,
1774 3877 2068 3977 πρόπαρ
2110 3881 2597 3979 Ἑσπερίδων,
2665 3880 2837 3979 qnod

621 4004 852 4053 versus
903 3981 1309 4053 occidentem
1374 3982 1456 4053 ad
1521 3992 1734 4054 terras
1799 3985 1944 4055 sola
2007 3984 2178 4056 fama
2230 3985 2529 4080 cognitas
2581 3989 2838 4082 pateret

619 4079 824 4155 mare.
928 4081 1119 4153 Unde
1187 4107 1343 4155 vero
1411 4084 1583 4155 altae
1648 4080 2043 4158 columnae?
2142 4084 2365 4159 Multo
2429 4086 2693 4159 facilius
2757 4108 2835 4156 ae

619 4184 1023 4282 simpliciuS,
1090 4192 1163 4255 ut
1213 4209 1339 4282 ego
1392 4185 1652 4282 quidem
1705 4187 2053 4279 existimo,
2119 4186 2200 4258 ad
2254 4188 2492 4259 montis
2541 4186 2832 4260 Atlantis

486 4299 496 4314 ⁸
618 4287 939 4383 originem
989 4286 1321 4382 perveniri
1370 4287 1568 4378 lieet,
1637 4312 1826 4384 quam
1877 4287 2178 4362 Hefftero
2229 4290 2519 4385 placuit,
2587 4291 2699 4386 qui
2751 4287 2830 4360 de

571 4412 836 4466 *rerum
899 4397 1132 4460 natura
1194 4388 1811 4485 philosophantibus
1873 4391 2002 4465 hoe
2064 4392 2331 4484 tribuit,
2410 4402 2484 4465 ut
2532 4391 2831 4465 fabulosa
