3192 4992
622 323 750 390 216
987 326 1088 386 DE
1131 321 1564 384 TRAGOEDIA
1607 321 2143 389 echonomum:
2183 323 2480 386 LYch.
2594 311 2599 318 ’

625 490 905 566 ridicule
968 492 1438 588 interpretatus
1503 495 1610 562 est
1669 514 1826 564 une
1889 488 2239 565 marrier-o
2299 486 2399 565 de
2460 487 2846 590 trage'dae'e,

628 595 877 667 indicat
952 592 1285 664 Aristides
1350 590 1797 681 Quintilianus
1866 615 1938 687 p.
1990 593 2115 666 29.
2187 616 2377 688 seqq.
2438 586 2702 688 τρόποι
2764 588 2848 667 δὲ

626 693 1049 790 [almodus
1108 691 1300 793 γένει
1359 687 1503 788 μὲν
1550 696 1783 785 τρεῖς,
1853 687 2411 790 διθυραμβικός
2424 746 2453 780 ,
2518 688 2849 787 νομικός,

626 791 993 898 τραγικός.
1075 792 1115 868 ὃ
1164 790 1306 888 μὲν
1352 792 1656 889 νομικὸς
1703 789 1972 889 τρόπος
2019 793 2175 869 ἐστὶ
2222 789 2617 890 νητοειδής·
2670 792 2711 869 ὃ
2763 790 2850 869 δὲ

628 893 1189 994 διθυραμβικὸς
1248 890 1661 990 μεσοειδής·
1736 893 1777 969 ὁ
1840 893 1924 970 δὲ
1954 894 2331 997 τραγικὸς
2376 890 2849 992 ὑπατοειδής.

628 1000 726 1076 At
777 999 925 1096 quis
975 998 1084 1070 vel
1135 1022 1223 1069 ex
1280 997 1385 1068 his
1440 998 1682 1087 verbis,
1743 997 1850 1069 vel
1901 1022 1986 1070 ex
2037 999 2149 1089 iis,
2203 1022 2369 1095 quae
2420 999 2643 1095 paullo
2694 1005 2851 1095 post

630 1103 966 1199 leguntur,
1016 1094 1275 1192 τρόποι
1324 1094 1407 1171 δὲ
1458 1096 1793 1199 λέγονται
1837 1096 1966 1172 διὰ
2003 1097 2091 1173 τὸ
2126 1096 2656 1197 συνεμφαίνειν
2696 1095 2852 1181 πῶς

583 1283 594 1300 ,
629 1200 718 1277 τὸ
766 1195 957 1296 ἦθος
1004 1196 1194 1274 κατὰ
1241 1196 1335 1272 τὰ
1384 1199 1564 1295 μέλη
1613 1206 1742 1296 τῆς
1789 1197 2149 1290 διανοίας,
2199 1201 2486 1298 aliquam
2534 1200 2852 1298 effingere

631 1304 808 1380 ausit
856 1302 1126 1398 lyricam
1176 1302 1584 1398 tragoediam
1602 1297 1644 1374 Ρ
2338 1333 2345 1352 ’

831 1399 963 1477 His
1014 1404 1242 1501 igitur,
1295 1426 1460 1499 quae
1510 1403 1828 1476 hactenus
1880 1404 2241 1494 attulimus,
2293 1404 2477 1475 nullo
2509 1401 2708 1475 modo
2736 1400 2855 1474 de-

630 1514 1062 1580 monstratum
1111 1514 1214 1577 est
1241 1506 1511 1601 lyricam
1548 1505 1889 1601 quamdam
1925 1505 2130 1580 fuisse
2159 1505 2591 1601 tragoediam.
2658 1501 2854 1595 Quod

633 1608 696 1680 si
744 1608 966 1705 pergit
1012 1606 1436 1697 Boeckhius,
1504 1630 1701 1702 quum
1750 1630 1839 1678 ex
1888 1607 2097 1703 lyrico
2148 1607 2301 1678 lusu
2352 1606 2702 1701 chorisque
2751 1605 2856 1676 fa-

631 1710 824 1781 bulas
875 1708 1172 1782 scenicas
1222 1718 1449 1800 enatas
1501 1731 1650 1780 esse
1701 1715 1998 1800 constet,
2071 1733 2208 1780 non
2255 1716 2472 1780 tamen
2520 1706 2693 1779 illud
2738 1728 2857 1778 ae-
2915 1725 2938 1747 ·

636 1835 763 1906 que
813 1819 1036 1882 notum
1089 1833 1279 1902 esse,
1349 1809 1555 1881 fuisse
1604 1808 1943 1905 'quoddam
2008 1810 2253 1904 lyricae
2304 1809 2688 1906 tragoediae
2738 1832 2857 1881 co-

634 1911 1062 2008 moediaeque
1113 1921 1266 1984 ante
1317 1910 1742 1983 dramaticum
1792 1910 2114 2007 simulque
2168 1935 2311 1983 cum
2364 1935 2445 1983 eo
2498 1909 2673 2007 apud
2707 1908 2859 1982 Do-

600 2013 893 2089 rienses
944 2022 1139 2109 atque
1167 2011 1534 2085 Accienses
1583 2013 1935 2109 separatim
1990 2007 2326 2085 excultum
2358 2036 2607 2109 genus:
2660 2034 2858 2109 aper-

636 2123 776 2186 tum
826 2120 930 2186 est
978 2137 1247 2185 narrare
1298 2138 1442 2186 enm
1487 2113 1670 2210 qnod
1720 2114 1867 2210 ipse
1916 2114 2122 2186 fuisse
2174 2114 2503 2211 opinatur,
2556 2138 2688 2186 non
2737 2135 2859 2185 au-

638 2223 773 2289 tem
824 2215 1295 2288 demonstravit
1343 2215 1570 2288 fuisse.
1675 2215 1851 2306 Quid
1901 2216 2109 2313 igitur
2157 2216 2591 2307 censebimus,
2665 2238 2858 2311 quum

641 2317 805 2390 dicit
853 2318 998 2389 iure
1050 2341 1171 2389 suo
1199 2316 1728 2412 Peloponnesios
1780 2317 1906 2389 sibi
1950 2317 2383 2390 vindicavisse
2423 2314 2857 2416 tragoediam,

639 2419 1016 2516 lyricaeque
1065 2419 1247 2490 illius
1298 2419 1679 2516 tragoediae
1728 2419 2168 2491 inventionem
2220 2419 2364 2490 sine
2403 2419 2599 2491 dnbio
2636 2417 2860 2490 deberi

640 2518 1004 2615 Sicyoniis,
1058 2520 1141 2590 de
1193 2520 1423 2616 quibus
1475 2528 1682 2592 testes
1717 2522 1850 2592 sint
1883 2518 2264 2593 Herodotus
2317 2527 2385 2592 et
2418 2519 2857 2611 neminum»,

643 2644 850 2791 {aque
862 2620 1378 2790 bca(1;zsss=at'etiaJ‘nlu
1432 2620 2300 2792 σεέιῃοέἰίοιῗῃίιιζοηίίοηοηι
2352 2618 2686 2794 ξξίοῄοιιὶίε
2735 2621 2862 2694 tri·

688 2744 861 2791 ma
1027 2742 1471 2790 nesav1er1
1688 2744 2228 2794 renel-:meo
2340 2747 2551 2795 niem
2706 2746 2858 2795 num

647 2844 813 2915 quae
864 2820 1180 2891 hactenus
1232 2819 1432 2891 allata
1499 2827 1652 2892 sunt
1700 2821 1866 2892 nihil
1916 2821 1999 2894 de
2048 2748 2257 2918 lygea
2295 2749 2649 2921 ¹{ragoed'ia
2663 2748 2862 2921 qape-
2962 2861 2968 2866 ·

589 3003 594 3004 γ
644 2922 922 3013 ruerint,
974 2945 1109 2992 nou
1160 2920 1302 2993 sine
1354 2921 1577 3013 dnbio,
1630 2923 1752 2994 sud
1807 2924 1909 2995 vel
1959 2926 2242 2996 maxima
2276 2950 2419 2997 cum
2459 2925 2867 2999 dubitatione

645 3031 853 3097 testes
900 3023 1084 3113 illos,
1138 3022 1221 3093 ad
1274 3046 1438 3118 quos
1486 3030 1831 3122 provocat,
1885 3049 2032 3097 esse
2084 3026 2470 3100 audiendos.
2568 3027 2666 3100 Et
2715 3026 2863 3099 He-

644 3124 919 3197 rodotus
972 3121 1231 3219 quidem
1279 3121 1377 3195 V.
1428 3126 1553 3200 67.
1606 3125 1707 3197 sic
1756 3126 2065 3223 scripsit:
2130 3125 2249 3201 τὰ·
2276 3125 2359 3201 δὲ
2411 3125 2505 3224 δὴ
2555 3129 2741 3202 ἄλλα
2791 3126 2863 3201 οἱ

645 3221 1056 3301 Σικυώνιοι
1096 3222 1380 3320 ἐτίμων
1427 3223 1563 3300 τὸν
1594 3223 2005 3322 Ἄδρηστον
2043 3226 2171 3302 καὶ
2211 3225 2305 3325 δὴ
2338 3226 2542 3326 πρός,
2594 3228 2689 3304 τὰ
2716 3225 2860 3303 πά-

643 3331 793 3418 θεα
845 3326 1078 3403 αὐτοῦ
1124 3330 1534 3429 τραγικοῖσι
1570 3333 1861 3426 χοροῖσι
1893 3328 2295 3431 ἐγέραιρον,
2346 3329 2481 3406 τὸν
2513 3328 2652 3426 μὲν
2684 3325 2861 3405 Διό-

645 3450 883 3508 νυσον
931 3428 1022 3502 οὗ
1068 3427 1472 3523 τιμέοντες,
1538 3428 1674 3504 τὸν
1739 3426 1821 3503 δὲ
1870 3428 2298 3526 Ἄδρηστον.
2413 3431 2861 3529 Κλεισθένης

648 3528 732 3605 δὲ
774 3526 1046 3627 χοροὺς
1107 3527 1248 3624 μὲν
1308 3537 1415 3625 τῷ
1468 3527 1813 3627 Διονύσῳ
1863 3530 2233 3622 ἀπέδωκε,
2297 3531 2436 3629 τὴν
2499 3532 2581 3609 δὲ
2634 3535 2861 3630 ἄλλην

646 3630 931 3727 θυσίην
976 3638 1085 3728 τῷ
1117 3628 1602 3729 Μελανίππῳ.
1706 3632 1880 3705 Tam
1933 3642 2158 3731 aperte
2208 3660 2372 3731 quos
2419 3636 2531 3712 hic
2571 3638 2860 3734 tragicos

649 3733 888 3806 choros
940 3734 1199 3807 vocavit
1248 3733 1636 3827 dithyrambi
1685 3735 1972 3826 fuerunt,
2025 3744 2099 3807 nt
2133 3736 2474 3832 dumtaxat·
2509 3749 2860 3835 propterea

650 3857 767 3905 eos
816 3858 946 3906 non
997 3833 1436 3929 dithyrambos
1488 3836 1859 3932 appellasse
1912 3830 2452 3936 videatur,'‚quia
2501 3863 2632 3912 non
2683 3839 2861 3912 Bac-
2992 3881 2998 3886 ·

654 3935 819 4026 cho,
882 3936 1000 4010 sed
1047 3936 1338 4011 Adrasto
1390 3938 1811 4011 canebantur.
1915 3937 2325 4014 Themistius
2374 3937 2591 4013 autem
2641 3940 2858 4014 XIX.

573 4041 721 4134 ,8p.
772 4039 948 4113 487.
1001 4038 1174 4132 (sive
1217 4036 1548 4111 XXVII.
1601 4064 1671 4136 p.
1703 4042 1877 4115 337.
1931 4040 2037 4112 ed.
2068 4039 2312 4140 Diod.)
2366 4042 2540 4138 quod
2591 4043 2890 4116 scribitt»

645 4136 773 4213 καὶ
832 4135 1251 4238 τραγῳδίας
1313 4136 1599 4236 εὑρεταὶ
1663 4138 1804 4234 μὲν
1854 4136 2299 4231 Σικυώνιοι,
2371 4140 2863 4246 τελεσιουργοὶ

646 4237 731 4314 δὲ
766 4236 1080 4316 Ἀττικοὶ
1140 4238 1473 4335 ποιηταί,
1539 4243 1695 4337 quid
1759 4243 1997 4339 probat
2047 4239 2267 4336 aliud,
2334 4269 2525 4341 quam
2576 4271 2723 4319 enm
2775 4245 2857 4317 de

648 4341 1006 4420 dramatico
1054 4342 1397 4438 tragoedia
1444 4343 1668 4441 loqui,
1720 4344 2041 4441 siquidem
2088 4344 2428 4444 Epigenes
2476 4345 2857 4445 Sicyonius,
